1678731000000,1000,BUY,6515000,476
1678731000001,1001,BUY,6444000,4436
1678731000002,1002,BUY,6479000,140
1678731000003,1003,SELL,6455000,779
1678731000004,1004,SELL,6478000,1092
1678731000005,1005,BUY,6501000,2057
1678731000006,1006,SELL,6393000,2744
1678731000007,1007,SELL,6464000,4668
1678731000008,1008,SELL,6517000,3212
1678731000009,1009,BUY,6498000,3900
1678731000010,1010,BUY,6498000,2445
1678731000011,1011,BUY,6485000,2373
1678731000012,1012,SELL,6498000,2622
1678731000013,1013,SELL,6492000,1373
1678731000014,1014,SELL,6579000,2566
1678731000015,1015,SELL,6547000,4024
1678731000016,1016,BUY,6479000,3953
1678731000017,1017,SELL,6440000,3083
1678731000018,1018,SELL,6430000,1510
1678731000019,1019,BUY,6516000,171
1678731000020,1020,SELL,6516000,4921
1678731000021,1021,BUY,6508000,4561
1678731000022,1022,SELL,6501000,347
1678731000023,1023,BUY,6528000,1086
1678731000024,1024,SELL,6520000,389
1678731000025,1025,BUY,6504000,2072
1678731000026,1026,BUY,6486000,2037
1678731000027,1027,SELL,6497000,1505
1678731000028,1028,BUY,6454000,4524
1678731000029,1029,BUY,6531000,4484
1678731000030,1030,BUY,6484000,3109
1678731000031,1031,BUY,6458000,210
1678731000032,1032,SELL,6490000,4608
1678731000033,1033,BUY,6476000,3655
1678731000034,1034,SELL,6567000,2783
1678731000035,1035,BUY,6540000,1580
1678731000036,1036,BUY,6467000,2700
1678731000037,1037,BUY,6518000,1038
1678731000038,1038,SELL,6578000,4498
1678731000039,1039,BUY,6498000,1494
1678731000040,1040,BUY,6548000,573
1678731000041,1041,BUY,6497000,4201
1678731000042,1042,SELL,6448000,1688
1678731000043,1043,BUY,6514000,4646
1678731000044,1044,SELL,6478000,3324
1678731000045,1045,SELL,6489000,2635
1678731000046,1046,SELL,6484000,2703
1678731000047,1047,SELL,6469000,3637
1678731000048,1048,SELL,6537000,1539
1678731000049,1049,BUY,6482000,3312
1678731000050,1050,SELL,6434000,4039
1678731000051,1051,BUY,6542000,2685
1678731000052,1052,BUY,6474000,4754
1678731000053,1053,SELL,6456000,3758
1678731000054,1054,BUY,6459000,2008
1678731000055,1055,BUY,6454000,3455
1678731000056,1056,SELL,6563000,1863
1678731000057,1057,BUY,6395000,4669
1678731000058,1058,SELL,6550000,1646
1678731000059,1059,BUY,6554000,3009
1678731000060,1060,BUY,6623000,864
1678731000061,1061,BUY,6503000,3484
1678731000062,1062,SELL,6574000,1743
1678731000063,1063,SELL,6375000,4941
1678731000064,1064,BUY,6466000,776
1678731000065,1065,SELL,6433000,2337
1678731000066,1066,BUY,6510000,1940
1678731000067,1067,BUY,6497000,618
1678731000068,1068,BUY,6504000,1804
1678731000069,1069,SELL,6596000,2821
1678731000070,1070,BUY,6481000,156
1678731000071,1071,SELL,6500000,2921
1678731000072,1072,BUY,6530000,2395
1678731000073,1073,SELL,6492000,4746
1678731000074,1074,BUY,6533000,4071
1678731000075,1075,SELL,6458000,272
1678731000076,1076,SELL,6565000,3653
1678731000077,1077,BUY,6511000,2059
1678731000078,1078,BUY,6525000,3118
1678731000079,1079,SELL,6503000,4100
1678731000080,1080,BUY,6446000,2265
1678731000081,1081,BUY,6548000,4509
1678731000082,1082,SELL,6560000,4733
1678731000083,1083,BUY,6530000,1658
1678731000084,1084,SELL,6542000,263
1678731000085,1085,BUY,6511000,3193
1678731000086,1086,SELL,6439000,3787
1678731000087,1087,SELL,6508000,3244
1678731000088,1088,SELL,6452000,4503
1678731000089,1089,BUY,6536000,4921
1678731000090,1090,SELL,6520000,1228
1678731000091,1091,BUY,6548000,4745
1678731000092,1092,BUY,6462000,4575
1678731000093,1093,BUY,6487000,1055
1678731000094,1094,SELL,6517000,572
1678731000095,1095,SELL,6496000,3364
1678731000096,1096,BUY,6432000,969
1678731000097,1097,BUY,6565000,4558
1678731000098,1098,SELL,6498000,4652
1678731000099,1099,SELL,6639000,3130
1678731000100,1100,SELL,6509000,2534
1678731000101,1101,SELL,6499000,3454
1678731000102,1102,SELL,6402000,4286
1678731000103,1103,BUY,6530000,3180
1678731000104,1104,SELL,6476000,990
1678731000105,1105,SELL,6489000,1194
1678731000106,1106,SELL,6437000,579
1678731000107,1107,BUY,6510000,1905
1678731000108,1108,SELL,6445000,2911
1678731000109,1109,BUY,6531000,3019
1678731000110,1110,BUY,6440000,794
1678731000111,1111,SELL,6448000,4351
1678731000112,1112,SELL,6469000,547
1678731000113,1113,BUY,6545000,1851
1678731000114,1114,BUY,6543000,2960
1678731000115,1115,BUY,6501000,4141
1678731000116,1116,BUY,6549000,4505
1678731000117,1117,SELL,6566000,981
1678731000118,1118,BUY,6479000,4939
1678731000119,1119,SELL,6503000,2784
1678731000120,1120,BUY,6477000,584
1678731000121,1121,SELL,6454000,1158
1678731000122,1122,SELL,6529000,1725
1678731000123,1123,SELL,6479000,4943
1678731000124,1124,BUY,6521000,3134
1678731000125,1125,SELL,6400000,3061
1678731000126,1126,SELL,6492000,886
1678731000127,1127,SELL,6560000,4152
1678731000128,1128,BUY,6475000,840
1678731000129,1129,BUY,6494000,3685
1678731000130,1130,SELL,6471000,126
1678731000131,1131,SELL,6463000,2848
1678731000132,1132,BUY,6507000,1091
1678731000133,1133,SELL,6481000,522
1678731000134,1134,BUY,6489000,569
1678731000135,1135,BUY,6484000,4593
1678731000136,1136,BUY,6612000,4080
1678731000137,1137,SELL,6513000,1480
1678731000138,1138,BUY,6511000,2754
1678731000139,1139,BUY,6440000,4055
1678731000140,1140,SELL,6469000,3069
1678731000141,1141,BUY,6485000,2969
1678731000142,1142,SELL,6448000,1645
1678731000143,1143,BUY,6337000,1767
1678731000144,1144,BUY,6526000,3740
1678731000145,1145,SELL,6483000,1641
1678731000146,1146,BUY,6523000,3097
1678731000147,1147,SELL,6450000,345
1678731000148,1148,BUY,6480000,3556
1678731000149,1149,SELL,6503000,1697
1678731000150,1150,SELL,6510000,4010
1678731000151,1151,BUY,6448000,2748
1678731000152,1152,BUY,6522000,3923
1678731000153,1153,BUY,6556000,4390
1678731000154,1154,BUY,6468000,2784
1678731000155,1155,BUY,6514000,4195
1678731000156,1156,SELL,6542000,3984
1678731000157,1157,SELL,6470000,835
1678731000158,1158,BUY,6515000,738
1678731000159,1159,BUY,6544000,2818
1678731000160,1160,SELL,6406000,2796
1678731000161,1161,BUY,6583000,1132
1678731000162,1162,SELL,6470000,2153
1678731000163,1163,SELL,6563000,4142
1678731000164,1164,SELL,6542000,2924
1678731000165,1165,BUY,6557000,3962
1678731000166,1166,SELL,6547000,4502
1678731000167,1167,BUY,6473000,405
1678731000168,1168,BUY,6549000,2512
1678731000169,1169,SELL,6479000,727
1678731000170,1170,BUY,6331000,153
1678731000171,1171,BUY,6432000,3150
1678731000172,1172,BUY,6440000,3646
1678731000173,1173,BUY,6560000,1177
1678731000174,1174,BUY,6455000,2992
1678731000175,1175,SELL,6499000,3304
1678731000176,1176,SELL,6583000,4340
1678731000177,1177,BUY,6516000,4856
1678731000178,1178,SELL,6567000,3334
1678731000179,1179,SELL,6530000,1552
1678731000180,1180,SELL,6432000,3003
1678731000181,1181,BUY,6474000,2691
1678731000182,1182,SELL,6503000,2396
1678731000183,1183,SELL,6420000,1398
1678731000184,1184,BUY,6489000,1820
1678731000185,1185,BUY,6464000,2933
1678731000186,1186,SELL,6492000,3612
1678731000187,1187,BUY,6542000,3532
1678731000188,1188,BUY,6404000,1091
1678731000189,1189,SELL,6572000,465
1678731000190,1190,BUY,6538000,2006
1678731000191,1191,SELL,6563000,4295
1678731000192,1192,BUY,6497000,833
1678731000193,1193,BUY,6457000,143
1678731000194,1194,SELL,6519000,1862
1678731000195,1195,BUY,6502000,4185
1678731000196,1196,SELL,6502000,3522
1678731000197,1197,SELL,6523000,1266
1678731000198,1198,BUY,6576000,2713
1678731000199,1199,BUY,6455000,1363
1678731000200,1200,SELL,6548000,677
1678731000201,1201,BUY,6494000,1155
1678731000202,1202,SELL,6473000,549
1678731000203,1203,SELL,6393000,4974
1678731000204,1204,BUY,6518000,2518
1678731000205,1205,SELL,6404000,934
1678731000206,1206,BUY,6413000,1848
1678731000207,1207,BUY,6584000,19
1678731000208,1208,SELL,6485000,4479
1678731000209,1209,BUY,6496000,2203
1678731000210,1210,SELL,6445000,4168
1678731000211,1211,BUY,6514000,3935
1678731000212,1212,BUY,6505000,1643
1678731000213,1213,BUY,6465000,520
1678731000214,1214,BUY,6502000,3646
1678731000215,1215,BUY,6500000,4819
1678731000216,1216,SELL,6420000,2058
1678731000217,1217,BUY,6484000,4790
1678731000218,1218,BUY,6443000,4593
1678731000219,1219,SELL,6535000,2091
1678731000220,1220,SELL,6462000,259
1678731000221,1221,SELL,6516000,4543
1678731000222,1222,SELL,6503000,1994
1678731000223,1223,SELL,6558000,245
1678731000224,1224,BUY,6548000,4729
1678731000225,1225,BUY,6487000,3384
1678731000226,1226,BUY,6560000,4683
1678731000227,1227,BUY,6529000,4540
1678731000228,1228,BUY,6502000,1339
1678731000229,1229,SELL,6510000,1368
1678731000230,1230,BUY,6535000,4354
1678731000231,1231,SELL,6486000,1368
1678731000232,1232,SELL,6516000,2138
1678731000233,1233,BUY,6549000,4902
1678731000234,1234,SELL,6539000,2842
1678731000235,1235,SELL,6499000,3041
1678731000236,1236,BUY,6560000,4310
1678731000237,1237,SELL,6423000,3828
1678731000238,1238,BUY,6396000,770
1678731000239,1239,BUY,6524000,3455
1678731000240,1240,SELL,6454000,1729
1678731000241,1241,BUY,6528000,3276
1678731000242,1242,SELL,6500000,1979
1678731000243,1243,BUY,6523000,3132
1678731000244,1244,BUY,6460000,4787
1678731000245,1245,BUY,6473000,533
1678731000246,1246,SELL,6385000,1763
1678731000247,1247,BUY,6502000,2306
1678731000248,1248,BUY,6598000,4212
1678731000249,1249,BUY,6506000,4153
1678731000250,1250,BUY,6468000,2065
1678731000251,1251,BUY,6542000,1286
1678731000252,1252,SELL,6503000,4831
1678731000253,1253,SELL,6539000,4579
1678731000254,1254,SELL,6512000,374
1678731000255,1255,SELL,6589000,4631
1678731000256,1256,BUY,6460000,1656
1678731000257,1257,BUY,6520000,2807
1678731000258,1258,BUY,6417000,3096
1678731000259,1259,SELL,6441000,4590
1678731000260,1260,SELL,6511000,135
1678731000261,1261,SELL,6559000,4642
1678731000262,1262,BUY,6544000,76
1678731000263,1263,BUY,6584000,2166
1678731000264,1264,SELL,6527000,4728
1678731000265,1265,SELL,6578000,4017
1678731000266,1266,BUY,6466000,2670
1678731000267,1267,SELL,6480000,2749
1678731000268,1268,SELL,6547000,2372
1678731000269,1269,BUY,6404000,3822
1678731000270,1270,BUY,6386000,2573
1678731000271,1271,SELL,6489000,3527
1678731000272,1272,SELL,6458000,2600
1678731000273,1273,SELL,6502000,4334
1678731000274,1274,SELL,6454000,477
1678731000275,1275,SELL,6488000,4180
1678731000276,1276,SELL,6537000,2561
1678731000277,1277,SELL,6471000,4299
1678731000278,1278,BUY,6527000,1151
1678731000279,1279,SELL,6416000,1820
1678731000280,1280,SELL,6585000,4664
1678731000281,1281,BUY,6510000,4759
1678731000282,1282,SELL,6513000,2036
1678731000283,1283,BUY,6443000,3754
1678731000284,1284,SELL,6402000,1683
1678731000285,1285,SELL,6603000,2070
1678731000286,1286,SELL,6469000,2048
1678731000287,1287,BUY,6619000,3687
1678731000288,1288,BUY,6532000,245
1678731000289,1289,SELL,6522000,4439
1678731000290,1290,BUY,6490000,3401
1678731000291,1291,SELL,6533000,3653
1678731000292,1292,SELL,6479000,1262
1678731000293,1293,SELL,6516000,1324
1678731000294,1294,BUY,6551000,87
1678731000295,1295,SELL,6527000,2631
1678731000296,1296,SELL,6547000,2459
1678731000297,1297,SELL,6486000,1873
1678731000298,1298,BUY,6388000,4680
1678731000299,1299,BUY,6466000,1002
1678731000300,1300,BUY,6541000,4043
1678731000301,1301,SELL,6488000,4926
1678731000302,1302,SELL,6514000,207
1678731000303,1303,SELL,6455000,2636
1678731000304,1304,BUY,6479000,2045
1678731000305,1305,SELL,6456000,1264
1678731000306,1306,BUY,6536000,960
1678731000307,1307,BUY,6548000,2253
1678731000308,1308,SELL,6516000,1875
1678731000309,1309,BUY,6523000,2863
1678731000310,1310,BUY,6390000,3238
1678731000311,1311,SELL,6461000,3238
1678731000312,1312,BUY,6548000,104
1678731000313,1313,BUY,6548000,1965
1678731000314,1314,SELL,6437000,4116
1678731000315,1315,SELL,6461000,2929
1678731000316,1316,SELL,6383000,355
1678731000317,1317,SELL,6455000,372
1678731000318,1318,SELL,6632000,3291
1678731000319,1319,BUY,6509000,1649
1678731000320,1320,SELL,6536000,2945
1678731000321,1321,BUY,6505000,136
1678731000322,1322,SELL,6567000,4156
1678731000323,1323,BUY,6594000,3543
1678731000324,1324,SELL,6539000,1802
1678731000325,1325,SELL,6495000,3486
1678731000326,1326,SELL,6480000,2882
1678731000327,1327,BUY,6520000,1864
1678731000328,1328,SELL,6432000,2718
1678731000329,1329,BUY,6526000,1342
1678731000330,1330,BUY,6417000,546
1678731000331,1331,SELL,6449000,2132
1678731000332,1332,SELL,6360000,427
1678731000333,1333,BUY,6422000,3610
1678731000334,1334,SELL,6423000,2000
1678731000335,1335,SELL,6523000,4815
1678731000336,1336,BUY,6465000,4168
1678731000337,1337,BUY,6551000,4767
1678731000338,1338,SELL,6425000,976
1678731000339,1339,BUY,6503000,3442
1678731000340,1340,BUY,6491000,1734
1678731000341,1341,SELL,6460000,4432
1678731000342,1342,BUY,6498000,2492
1678731000343,1343,BUY,6500000,961
1678731000344,1344,BUY,6472000,3386
1678731000345,1345,BUY,6471000,1510
1678731000346,1346,SELL,6505000,778
1678731000347,1347,SELL,6464000,3067
1678731000348,1348,SELL,6437000,3303
1678731000349,1349,SELL,6396000,956
1678731000350,1350,BUY,6487000,4160
1678731000351,1351,BUY,6514000,4905
1678731000352,1352,SELL,6547000,3461
1678731000353,1353,BUY,6503000,64
1678731000354,1354,SELL,6563000,3089
1678731000355,1355,BUY,6546000,4418
1678731000356,1356,BUY,6443000,337
1678731000357,1357,SELL,6536000,3320
1678731000358,1358,BUY,6548000,3064
1678731000359,1359,SELL,6507000,2153
1678731000360,1360,SELL,6521000,2548
1678731000361,1361,SELL,6562000,4557
1678731000362,1362,SELL,6447000,832
1678731000363,1363,SELL,6486000,4435
1678731000364,1364,BUY,6437000,1318
1678731000365,1365,SELL,6516000,4187
1678731000366,1366,SELL,6552000,3604
1678731000367,1367,SELL,6473000,1419
1678731000368,1368,BUY,6466000,3587
1678731000369,1369,SELL,6559000,1397
1678731000370,1370,SELL,6555000,2116
1678731000371,1371,SELL,6498000,4233
1678731000372,1372,SELL,6360000,2583
1678731000373,1373,BUY,6613000,2609
1678731000374,1374,SELL,6476000,1311
1678731000375,1375,BUY,6432000,2551
1678731000376,1376,SELL,6505000,2667
1678731000377,1377,BUY,6435000,814
1678731000378,1378,BUY,6527000,2091
1678731000379,1379,BUY,6418000,4693
1678731000380,1380,BUY,6578000,464
1678731000381,1381,SELL,6581000,1718
1678731000382,1382,BUY,6475000,2691
1678731000383,1383,SELL,6570000,4235
1678731000384,1384,SELL,6509000,4798
1678731000385,1385,SELL,6482000,4899
1678731000386,1386,BUY,6560000,1146
1678731000387,1387,BUY,6488000,2864
1678731000388,1388,SELL,6527000,2721
1678731000389,1389,SELL,6493000,4511
1678731000390,1390,BUY,6424000,3930
1678731000391,1391,SELL,6530000,4470
1678731000392,1392,BUY,6614000,1534
1678731000393,1393,BUY,6475000,2353
1678731000394,1394,BUY,6497000,1649
1678731000395,1395,SELL,6598000,4130
1678731000396,1396,BUY,6526000,4213
1678731000397,1397,SELL,6524000,1468
1678731000398,1398,SELL,6557000,1646
1678731000399,1399,SELL,6411000,4100
1678731000400,1400,BUY,6550000,3904
1678731000401,1401,BUY,6533000,4117
1678731000402,1402,SELL,6530000,4072
1678731000403,1403,BUY,6519000,3162
1678731000404,1404,BUY,6522000,3736
1678731000405,1405,BUY,6541000,4003
1678731000406,1406,BUY,6505000,4883
1678731000407,1407,SELL,6484000,4816
1678731000408,1408,BUY,6630000,4355
1678731000409,1409,BUY,6437000,3863
1678731000410,1410,BUY,6530000,1531
1678731000411,1411,BUY,6459000,4832
1678731000412,1412,BUY,6364000,3571
1678731000413,1413,BUY,6567000,1192
1678731000414,1414,SELL,6637000,140
1678731000415,1415,BUY,6457000,2993
1678731000416,1416,SELL,6404000,3969
1678731000417,1417,BUY,6572000,3597
1678731000418,1418,BUY,6425000,4121
1678731000419,1419,BUY,6551000,1141
1678731000420,1420,SELL,6502000,3820
1678731000421,1421,BUY,6535000,823
1678731000422,1422,SELL,6570000,4423
1678731000423,1423,BUY,6474000,4853
1678731000424,1424,BUY,6572000,3440
1678731000425,1425,SELL,6477000,4494
1678731000426,1426,BUY,6493000,1175
1678731000427,1427,SELL,6499000,2043
1678731000428,1428,SELL,6439000,973
1678731000429,1429,SELL,6403000,2244
1678731000430,1430,SELL,6489000,3425
1678731000431,1431,BUY,6549000,1878
1678731000432,1432,SELL,6502000,894
1678731000433,1433,BUY,6495000,3574
1678731000434,1434,SELL,6474000,2275
1678731000435,1435,BUY,6493000,2810
1678731000436,1436,SELL,6525000,1806
1678731000437,1437,SELL,6523000,736
1678731000438,1438,BUY,6441000,2476
1678731000439,1439,SELL,6481000,859
1678731000440,1440,SELL,6481000,4079
1678731000441,1441,BUY,6517000,902
1678731000442,1442,BUY,6589000,1390
1678731000443,1443,SELL,6577000,1300
1678731000444,1444,BUY,6480000,1228
1678731000445,1445,BUY,6469000,1365
1678731000446,1446,SELL,6489000,1428
1678731000447,1447,BUY,6525000,993
1678731000448,1448,SELL,6468000,4559
1678731000449,1449,BUY,6502000,3397
1678731000450,1450,SELL,6501000,2755
1678731000451,1451,BUY,6545000,1601
1678731000452,1452,SELL,6506000,1322
1678731000453,1453,SELL,6555000,4321
1678731000454,1454,BUY,6521000,1714
1678731000455,1455,BUY,6546000,372
1678731000456,1456,BUY,6529000,566
1678731000457,1457,SELL,6453000,2818
1678731000458,1458,BUY,6507000,2729
1678731000459,1459,BUY,6491000,3518
1678731000460,1460,SELL,6480000,3339
1678731000461,1461,SELL,6518000,598
1678731000462,1462,BUY,6502000,2074
1678731000463,1463,SELL,6509000,4805
1678731000464,1464,SELL,6509000,2524
1678731000465,1465,SELL,6488000,3536
1678731000466,1466,SELL,6513000,1445
1678731000467,1467,SELL,6495000,2392
1678731000468,1468,SELL,6509000,4836
1678731000469,1469,SELL,6477000,1050
1678731000470,1470,SELL,6592000,2762
1678731000471,1471,SELL,6488000,4579
1678731000472,1472,SELL,6595000,3757
1678731000473,1473,BUY,6470000,2438
1678731000474,1474,SELL,6477000,3004
1678731000475,1475,BUY,6556000,4675
1678731000476,1476,BUY,6438000,3366
1678731000477,1477,SELL,6494000,48
1678731000478,1478,BUY,6543000,1833
1678731000479,1479,SELL,6472000,3165
1678731000480,1480,SELL,6442000,998
1678731000481,1481,BUY,6488000,4974
1678731000482,1482,BUY,6465000,4675
1678731000483,1483,SELL,6423000,943
1678731000484,1484,BUY,6572000,1819
1678731000485,1485,BUY,6437000,2265
1678731000486,1486,BUY,6475000,3686
1678731000487,1487,BUY,6479000,529
1678731000488,1488,BUY,6530000,4454
1678731000489,1489,SELL,6522000,702
1678731000490,1490,SELL,6575000,1885
1678731000491,1491,SELL,6581000,530
1678731000492,1492,SELL,6499000,126
1678731000493,1493,SELL,6462000,593
1678731000494,1494,BUY,6498000,3870
1678731000495,1495,SELL,6486000,2023
1678731000496,1496,SELL,6475000,175
1678731000497,1497,SELL,6623000,738
1678731000498,1498,BUY,6497000,1586
1678731000499,1499,BUY,6451000,2946
1678731000500,1500,SELL,6480000,2730
1678731000501,1501,SELL,6499000,945
1678731000502,1502,SELL,6397000,2858
1678731000503,1503,BUY,6510000,4054
1678731000504,1504,SELL,6553000,927
1678731000505,1505,BUY,6476000,2251
1678731000506,1506,SELL,6451000,4248
1678731000507,1507,SELL,6531000,115
1678731000508,1508,BUY,6460000,326
1678731000509,1509,BUY,6513000,644
1678731000510,1510,SELL,6517000,725
1678731000511,1511,SELL,6590000,3921
1678731000512,1512,SELL,6554000,4216
1678731000513,1513,BUY,6471000,2440
1678731000514,1514,BUY,6547000,3471
1678731000515,1515,SELL,6505000,31
1678731000516,1516,SELL,6609000,4979
1678731000517,1517,SELL,6520000,2144
1678731000518,1518,SELL,6478000,2179
1678731000519,1519,BUY,6618000,3648
1678731000520,1520,SELL,6518000,3712
1678731000521,1521,BUY,6528000,4800
1678731000522,1522,SELL,6559000,321
1678731000523,1523,BUY,6434000,1092
1678731000524,1524,BUY,6448000,4550
1678731000525,1525,BUY,6530000,362
1678731000526,1526,BUY,6486000,413
1678731000527,1527,BUY,6556000,4621
1678731000528,1528,SELL,6579000,1722
1678731000529,1529,BUY,6501000,4713
1678731000530,1530,BUY,6481000,3821
1678731000531,1531,SELL,6495000,2392
1678731000532,1532,SELL,6471000,4860
1678731000533,1533,BUY,6418000,4291
1678731000534,1534,SELL,6437000,539
1678731000535,1535,SELL,6526000,2968
1678731000536,1536,BUY,6569000,4583
1678731000537,1537,BUY,6476000,3379
1678731000538,1538,SELL,6558000,4658
1678731000539,1539,SELL,6498000,1535
1678731000540,1540,SELL,6357000,2288
1678731000541,1541,BUY,6538000,3165
1678731000542,1542,SELL,6444000,3938
1678731000543,1543,BUY,6481000,37
1678731000544,1544,SELL,6558000,4565
1678731000545,1545,SELL,6435000,4406
1678731000546,1546,BUY,6485000,3788
1678731000547,1547,SELL,6521000,279
1678731000548,1548,SELL,6470000,4967
1678731000549,1549,BUY,6597000,1290
1678731000550,1550,BUY,6505000,2370
1678731000551,1551,SELL,6529000,1317
1678731000552,1552,BUY,6561000,2222
1678731000553,1553,BUY,6542000,3578
1678731000554,1554,SELL,6491000,1752
1678731000555,1555,SELL,6554000,629
1678731000556,1556,BUY,6477000,1053
1678731000557,1557,SELL,6483000,2854
1678731000558,1558,BUY,6473000,3838
1678731000559,1559,BUY,6468000,1018
1678731000560,1560,BUY,6580000,2750
1678731000561,1561,SELL,6455000,1249
1678731000562,1562,BUY,6520000,3259
1678731000563,1563,BUY,6503000,3933
1678731000564,1564,BUY,6506000,4480
1678731000565,1565,SELL,6503000,2043
1678731000566,1566,BUY,6524000,4622
1678731000567,1567,BUY,6463000,4191
1678731000568,1568,BUY,6498000,4059
1678731000569,1569,BUY,6494000,3729
1678731000570,1570,BUY,6513000,1873
1678731000571,1571,BUY,6479000,4919
1678731000572,1572,SELL,6507000,3134
1678731000573,1573,SELL,6530000,2418
1678731000574,1574,SELL,6487000,2642
1678731000575,1575,BUY,6550000,3240
1678731000576,1576,BUY,6548000,3183
1678731000577,1577,SELL,6487000,1677
1678731000578,1578,SELL,6535000,1010
1678731000579,1579,BUY,6529000,860
1678731000580,1580,BUY,6455000,831
1678731000581,1581,BUY,6426000,1634
1678731000582,1582,BUY,6579000,4816
1678731000583,1583,BUY,6566000,926
1678731000584,1584,BUY,6555000,4410
1678731000585,1585,SELL,6610000,3578
1678731000586,1586,BUY,6488000,3025
1678731000587,1587,SELL,6502000,2899
1678731000588,1588,SELL,6501000,3875
1678731000589,1589,SELL,6657000,2873
1678731000590,1590,SELL,6508000,3381
1678731000591,1591,SELL,6418000,2840
1678731000592,1592,BUY,6516000,2555
1678731000593,1593,SELL,6581000,4996
1678731000594,1594,BUY,6563000,1024
1678731000595,1595,SELL,6486000,1848
1678731000596,1596,BUY,6519000,724
1678731000597,1597,BUY,6506000,3864
1678731000598,1598,SELL,6495000,973
1678731000599,1599,SELL,6430000,382
1678731000600,1600,SELL,6469000,115
1678731000601,1601,SELL,6548000,1691
1678731000602,1602,SELL,6503000,3189
1678731000603,1603,SELL,6447000,3664
1678731000604,1604,BUY,6526000,45
1678731000605,1605,SELL,6471000,1485
1678731000606,1606,SELL,6557000,1718
1678731000607,1607,SELL,6476000,2948
1678731000608,1608,BUY,6612000,1253
1678731000609,1609,BUY,6512000,3107
1678731000610,1610,BUY,6587000,1670
1678731000611,1611,SELL,6429000,2641
1678731000612,1612,SELL,6518000,1326
1678731000613,1613,SELL,6419000,4155
1678731000614,1614,SELL,6544000,3283
1678731000615,1615,BUY,6521000,155
1678731000616,1616,BUY,6443000,4686
1678731000617,1617,BUY,6487000,1594
1678731000618,1618,BUY,6522000,671
1678731000619,1619,SELL,6482000,2862
1678731000620,1620,BUY,6610000,1556
1678731000621,1621,SELL,6548000,978
1678731000622,1622,SELL,6628000,779
1678731000623,1623,SELL,6495000,4368
1678731000624,1624,BUY,6404000,4018
1678731000625,1625,BUY,6428000,3361
1678731000626,1626,SELL,6473000,1135
1678731000627,1627,SELL,6515000,1200
1678731000628,1628,BUY,6434000,4458
1678731000629,1629,SELL,6540000,82
1678731000630,1630,SELL,6438000,3056
1678731000631,1631,SELL,6467000,1814
1678731000632,1632,BUY,6422000,2833
1678731000633,1633,SELL,6511000,1745
1678731000634,1634,SELL,6518000,4163
1678731000635,1635,BUY,6400000,351
1678731000636,1636,SELL,6520000,1504
1678731000637,1637,SELL,6583000,4221
1678731000638,1638,SELL,6503000,1878
1678731000639,1639,BUY,6527000,2344
1678731000640,1640,BUY,6440000,2503
1678731000641,1641,SELL,6483000,642
1678731000642,1642,BUY,6519000,1689
1678731000643,1643,SELL,6498000,246
1678731000644,1644,BUY,6538000,373
1678731000645,1645,BUY,6543000,295
1678731000646,1646,BUY,6511000,4561
1678731000647,1647,BUY,6462000,4905
1678731000648,1648,BUY,6529000,1533
1678731000649,1649,SELL,6525000,2566
1678731000650,1650,SELL,6455000,1611
1678731000651,1651,BUY,6446000,350
1678731000652,1652,SELL,6419000,4940
1678731000653,1653,SELL,6503000,1735
1678731000654,1654,BUY,6624000,271
1678731000655,1655,BUY,6519000,415
1678731000656,1656,BUY,6495000,1836
1678731000657,1657,SELL,6504000,3297
1678731000658,1658,SELL,6521000,3929
1678731000659,1659,BUY,6464000,82
1678731000660,1660,BUY,6506000,1995
1678731000661,1661,BUY,6535000,4269
1678731000662,1662,BUY,6546000,2956
1678731000663,1663,BUY,6474000,1970
1678731000664,1664,SELL,6517000,2974
1678731000665,1665,SELL,6460000,973
1678731000666,1666,BUY,6526000,4233
1678731000667,1667,SELL,6502000,4197
1678731000668,1668,BUY,6514000,3046
1678731000669,1669,SELL,6355000,2504
1678731000670,1670,SELL,6435000,3211
1678731000671,1671,SELL,6527000,2720
1678731000672,1672,BUY,6496000,3860
1678731000673,1673,SELL,6465000,1960
1678731000674,1674,SELL,6484000,409
1678731000675,1675,SELL,6469000,618
1678731000676,1676,SELL,6545000,3302
1678731000677,1677,SELL,6423000,429
1678731000678,1678,SELL,6489000,1518
1678731000679,1679,SELL,6447000,777
1678731000680,1680,BUY,6409000,3039
1678731000681,1681,SELL,6441000,1774
1678731000682,1682,BUY,6447000,2303
1678731000683,1683,SELL,6488000,2718
1678731000684,1684,SELL,6444000,910
1678731000685,1685,BUY,6505000,3094
1678731000686,1686,BUY,6498000,4602
1678731000687,1687,SELL,6450000,2452
1678731000688,1688,BUY,6497000,555
1678731000689,1689,SELL,6440000,4729
1678731000690,1690,SELL,6477000,3814
1678731000691,1691,SELL,6384000,3503
1678731000692,1692,SELL,6463000,402
1678731000693,1693,BUY,6514000,581
1678731000694,1694,SELL,6491000,3907
1678731000695,1695,SELL,6516000,2289
1678731000696,1696,BUY,6560000,785
1678731000697,1697,BUY,6570000,2257
1678731000698,1698,BUY,6548000,865
1678731000699,1699,BUY,6493000,2158
1678731000700,1700,SELL,6528000,417
1678731000701,1701,BUY,6554000,2721
1678731000702,1702,BUY,6509000,3907
1678731000703,1703,BUY,6378000,375
1678731000704,1704,SELL,6559000,3572
1678731000705,1705,SELL,6469000,782
1678731000706,1706,SELL,6543000,1583
1678731000707,1707,BUY,6460000,3301
1678731000708,1708,BUY,6535000,2386
1678731000709,1709,SELL,6465000,3003
1678731000710,1710,BUY,6455000,1623
1678731000711,1711,BUY,6456000,2226
1678731000712,1712,BUY,6497000,379
1678731000713,1713,SELL,6548000,2206
1678731000714,1714,SELL,6496000,2431
1678731000715,1715,BUY,6449000,1726
1678731000716,1716,SELL,6521000,532
1678731000717,1717,SELL,6618000,4888
1678731000718,1718,BUY,6510000,4593
1678731000719,1719,BUY,6458000,4951
1678731000720,1720,SELL,6507000,4093
1678731000721,1721,SELL,6528000,3253
1678731000722,1722,SELL,6540000,3998
1678731000723,1723,BUY,6515000,1577
1678731000724,1724,SELL,6527000,1266
1678731000725,1725,BUY,6482000,2206
1678731000726,1726,BUY,6492000,311
1678731000727,1727,SELL,6560000,656
1678731000728,1728,BUY,6481000,607
1678731000729,1729,SELL,6492000,4340
1678731000730,1730,BUY,6515000,3547
1678731000731,1731,SELL,6586000,4318
1678731000732,1732,BUY,6529000,1496
1678731000733,1733,BUY,6473000,4193
1678731000734,1734,SELL,6475000,1734
1678731000735,1735,BUY,6573000,2753
1678731000736,1736,BUY,6457000,1314
1678731000737,1737,SELL,6508000,3310
1678731000738,1738,BUY,6499000,1294
1678731000739,1739,BUY,6487000,458
1678731000740,1740,SELL,6490000,4979
1678731000741,1741,SELL,6512000,3572
1678731000742,1742,BUY,6529000,932
1678731000743,1743,SELL,6537000,2169
1678731000744,1744,BUY,6500000,2291
1678731000745,1745,SELL,6493000,323
1678731000746,1746,SELL,6532000,3499
1678731000747,1747,BUY,6460000,2644
1678731000748,1748,SELL,6561000,3905
1678731000749,1749,BUY,6494000,1134
1678731000750,1750,SELL,6437000,1053
1678731000751,1751,SELL,6578000,1023
1678731000752,1752,BUY,6411000,4927
1678731000753,1753,SELL,6429000,4976
1678731000754,1754,BUY,6563000,4293
1678731000755,1755,BUY,6423000,2330
1678731000756,1756,BUY,6485000,3596
1678731000757,1757,SELL,6610000,4441
1678731000758,1758,SELL,6505000,2823
1678731000759,1759,SELL,6487000,171
1678731000760,1760,SELL,6503000,4165
1678731000761,1761,BUY,6484000,3898
1678731000762,1762,BUY,6459000,1142
1678731000763,1763,SELL,6522000,551
1678731000764,1764,SELL,6475000,2076
1678731000765,1765,SELL,6527000,4845
1678731000766,1766,SELL,6539000,1179
1678731000767,1767,BUY,6456000,1661
1678731000768,1768,BUY,6534000,1029
1678731000769,1769,SELL,6530000,1846
1678731000770,1770,BUY,6613000,2020
1678731000771,1771,BUY,6496000,1743
1678731000772,1772,BUY,6543000,4707
1678731000773,1773,SELL,6542000,846
1678731000774,1774,BUY,6441000,3706
1678731000775,1775,SELL,6429000,2767
1678731000776,1776,BUY,6492000,3996
1678731000777,1777,SELL,6516000,556
1678731000778,1778,SELL,6473000,713
1678731000779,1779,BUY,6525000,2413
1678731000780,1780,SELL,6481000,2988
1678731000781,1781,BUY,6510000,2849
1678731000782,1782,BUY,6523000,695
1678731000783,1783,SELL,6469000,4293
1678731000784,1784,BUY,6540000,4653
1678731000785,1785,BUY,6497000,1441
1678731000786,1786,SELL,6455000,172
1678731000787,1787,BUY,6451000,3301
1678731000788,1788,SELL,6512000,3263
1678731000789,1789,BUY,6496000,1651
1678731000790,1790,BUY,6475000,1729
1678731000791,1791,BUY,6464000,2653
1678731000792,1792,SELL,6539000,699
1678731000793,1793,BUY,6402000,3151
1678731000794,1794,BUY,6525000,953
1678731000795,1795,BUY,6503000,1459
1678731000796,1796,SELL,6562000,4270
1678731000797,1797,SELL,6527000,3662
1678731000798,1798,BUY,6432000,2362
1678731000799,1799,BUY,6514000,380
1678731000800,1800,BUY,6558000,434
1678731000801,1801,BUY,6419000,4734
1678731000802,1802,SELL,6477000,607
1678731000803,1803,BUY,6531000,2346
1678731000804,1804,BUY,6507000,3679
1678731000805,1805,BUY,6485000,4634
1678731000806,1806,SELL,6478000,3658
1678731000807,1807,SELL,6527000,4958
1678731000808,1808,BUY,6532000,3147
1678731000809,1809,SELL,6443000,107
1678731000810,1810,SELL,6486000,3167
1678731000811,1811,SELL,6581000,353
1678731000812,1812,BUY,6459000,620
1678731000813,1813,SELL,6484000,2300
1678731000814,1814,BUY,6460000,2334
1678731000815,1815,SELL,6467000,1187
1678731000816,1816,BUY,6581000,2801
1678731000817,1817,BUY,6506000,1759
1678731000818,1818,SELL,6518000,4986
1678731000819,1819,BUY,6579000,2123
1678731000820,1820,BUY,6496000,1077
1678731000821,1821,BUY,6544000,1587
1678731000822,1822,SELL,6462000,1824
1678731000823,1823,BUY,6514000,2436
1678731000824,1824,SELL,6428000,17
1678731000825,1825,SELL,6505000,2565
1678731000826,1826,SELL,6554000,4664
1678731000827,1827,BUY,6593000,2295
1678731000828,1828,SELL,6457000,3535
1678731000829,1829,SELL,6524000,2832
1678731000830,1830,SELL,6486000,1908
1678731000831,1831,SELL,6539000,2986
1678731000832,1832,SELL,6483000,622
1678731000833,1833,SELL,6495000,697
1678731000834,1834,BUY,6446000,1791
1678731000835,1835,BUY,6603000,2601
1678731000836,1836,BUY,6557000,584
1678731000837,1837,BUY,6457000,1920
1678731000838,1838,BUY,6558000,1293
1678731000839,1839,SELL,6453000,1135
1678731000840,1840,SELL,6518000,1570
1678731000841,1841,BUY,6456000,2410
1678731000842,1842,SELL,6527000,3079
1678731000843,1843,BUY,6474000,236
1678731000844,1844,BUY,6515000,3567
1678731000845,1845,SELL,6513000,655
1678731000846,1846,BUY,6402000,3000
1678731000847,1847,SELL,6484000,1909
1678731000848,1848,BUY,6471000,1164
1678731000849,1849,SELL,6536000,4581
1678731000850,1850,SELL,6484000,3841
1678731000851,1851,SELL,6477000,199
1678731000852,1852,BUY,6491000,4146
1678731000853,1853,BUY,6542000,4443
1678731000854,1854,SELL,6576000,905
1678731000855,1855,SELL,6560000,1684
1678731000856,1856,SELL,6514000,1099
1678731000857,1857,BUY,6475000,945
1678731000858,1858,SELL,6525000,4229
1678731000859,1859,BUY,6453000,3840
1678731000860,1860,BUY,6550000,451
1678731000861,1861,BUY,6568000,4638
1678731000862,1862,BUY,6434000,469
1678731000863,1863,BUY,6551000,4656
1678731000864,1864,BUY,6517000,2464
1678731000865,1865,BUY,6542000,3684
1678731000866,1866,SELL,6471000,2669
1678731000867,1867,BUY,6434000,849
1678731000868,1868,SELL,6481000,3927
1678731000869,1869,BUY,6565000,605
1678731000870,1870,BUY,6496000,4259
1678731000871,1871,SELL,6479000,1760
1678731000872,1872,SELL,6544000,2341
1678731000873,1873,SELL,6527000,2230
1678731000874,1874,BUY,6554000,4738
1678731000875,1875,SELL,6453000,4892
1678731000876,1876,BUY,6467000,1470
1678731000877,1877,BUY,6516000,2733
1678731000878,1878,SELL,6485000,4926
1678731000879,1879,BUY,6405000,3058
1678731000880,1880,BUY,6585000,4018
1678731000881,1881,SELL,6547000,3208
1678731000882,1882,BUY,6505000,2489
1678731000883,1883,SELL,6561000,2325
1678731000884,1884,BUY,6501000,1309
1678731000885,1885,BUY,6463000,1996
1678731000886,1886,SELL,6585000,3526
1678731000887,1887,BUY,6509000,1068
1678731000888,1888,BUY,6550000,352
1678731000889,1889,BUY,6509000,1457
1678731000890,1890,SELL,6482000,536
1678731000891,1891,BUY,6573000,4764
1678731000892,1892,SELL,6444000,1583
1678731000893,1893,SELL,6605000,4610
1678731000894,1894,BUY,6419000,2405
1678731000895,1895,SELL,6503000,781
1678731000896,1896,SELL,6491000,203
1678731000897,1897,SELL,6608000,1195
1678731000898,1898,BUY,6489000,3746
1678731000899,1899,SELL,6545000,1946
1678731000900,1900,BUY,6510000,3461
1678731000901,1901,SELL,6540000,4546
1678731000902,1902,BUY,6495000,151
1678731000903,1903,BUY,6429000,1465
1678731000904,1904,BUY,6427000,4806
1678731000905,1905,SELL,6504000,2106
1678731000906,1906,SELL,6462000,350
1678731000907,1907,BUY,6484000,1978
1678731000908,1908,SELL,6494000,2439
1678731000909,1909,BUY,6474000,1810
1678731000910,1910,SELL,6471000,865
1678731000911,1911,BUY,6542000,2876
1678731000912,1912,BUY,6503000,4502
1678731000913,1913,SELL,6478000,1527
1678731000914,1914,BUY,6467000,3638
1678731000915,1915,BUY,6480000,3249
1678731000916,1916,SELL,6490000,3014
1678731000917,1917,BUY,6541000,1142
1678731000918,1918,SELL,6472000,997
1678731000919,1919,SELL,6546000,4625
1678731000920,1920,BUY,6528000,4043
1678731000921,1921,SELL,6481000,999
1678731000922,1922,BUY,6513000,1784
1678731000923,1923,SELL,6466000,945
1678731000924,1924,SELL,6491000,3878
1678731000925,1925,BUY,6525000,211
1678731000926,1926,SELL,6500000,919
1678731000927,1927,SELL,6495000,4668
1678731000928,1928,SELL,6514000,780
1678731000929,1929,SELL,6547000,2511
1678731000930,1930,BUY,6505000,4018
1678731000931,1931,SELL,6442000,4373
1678731000932,1932,BUY,6475000,2008
1678731000933,1933,SELL,6633000,1246
1678731000934,1934,SELL,6425000,1441
1678731000935,1935,BUY,6491000,1829
1678731000936,1936,BUY,6554000,2668
1678731000937,1937,BUY,6485000,384
1678731000938,1938,BUY,6552000,3269
1678731000939,1939,SELL,6513000,1899
1678731000940,1940,SELL,6431000,3144
1678731000941,1941,BUY,6609000,369
1678731000942,1942,BUY,6482000,4010
1678731000943,1943,SELL,6496000,4784
1678731000944,1944,SELL,6448000,3277
1678731000945,1945,BUY,6522000,1601
1678731000946,1946,BUY,6521000,3283
1678731000947,1947,SELL,6492000,923
1678731000948,1948,SELL,6489000,3556
1678731000949,1949,SELL,6471000,4922
1678731000950,1950,BUY,6559000,939
1678731000951,1951,SELL,6505000,3709
1678731000952,1952,SELL,6507000,1910
1678731000953,1953,SELL,6453000,1409
1678731000954,1954,SELL,6504000,1188
1678731000955,1955,SELL,6444000,4468
1678731000956,1956,SELL,6579000,4350
1678731000957,1957,SELL,6487000,4019
1678731000958,1958,BUY,6483000,795
1678731000959,1959,SELL,6534000,2426
1678731000960,1960,BUY,6516000,1946
1678731000961,1961,BUY,6446000,3817
1678731000962,1962,SELL,6507000,2362
1678731000963,1963,BUY,6440000,2731
1678731000964,1964,BUY,6475000,956
1678731000965,1965,BUY,6532000,1387
1678731000966,1966,SELL,6456000,1566
1678731000967,1967,SELL,6436000,148
1678731000968,1968,BUY,6408000,1313
1678731000969,1969,BUY,6548000,1144
1678731000970,1970,SELL,6467000,3180
1678731000971,1971,SELL,6531000,2161
1678731000972,1972,SELL,6572000,4270
1678731000973,1973,BUY,6490000,2577
1678731000974,1974,SELL,6424000,1919
1678731000975,1975,BUY,6632000,2056
1678731000976,1976,SELL,6523000,1855
1678731000977,1977,BUY,6512000,3640
1678731000978,1978,SELL,6480000,1520
1678731000979,1979,SELL,6515000,986
1678731000980,1980,SELL,6498000,892
1678731000981,1981,BUY,6473000,4771
1678731000982,1982,SELL,6497000,4687
1678731000983,1983,BUY,6556000,4800
1678731000984,1984,SELL,6467000,2464
1678731000985,1985,BUY,6454000,1956
1678731000986,1986,BUY,6486000,3546
1678731000987,1987,BUY,6635000,3812
1678731000988,1988,SELL,6532000,3832
1678731000989,1989,SELL,6526000,912
1678731000990,1990,BUY,6492000,1873
1678731000991,1991,SELL,6490000,2394
1678731000992,1992,BUY,6550000,952
1678731000993,1993,SELL,6493000,1734
1678731000994,1994,BUY,6480000,4127
1678731000995,1995,BUY,6499000,4788
1678731000996,1996,BUY,6523000,4231
1678731000997,1997,BUY,6611000,2009
1678731000998,1998,SELL,6456000,705
1678731000999,1999,SELL,6560000,4162
1678731001000,2000,SELL,6428000,2968
1678731001001,2001,BUY,6560000,4246
1678731001002,2002,SELL,6559000,210
1678731001003,2003,BUY,6534000,266
1678731001004,2004,SELL,6510000,3616
1678731001005,2005,BUY,6461000,4907
1678731001006,2006,SELL,6418000,2024
1678731001007,2007,SELL,6417000,1108
1678731001008,2008,BUY,6493000,4054
1678731001009,2009,BUY,6505000,2025
1678731001010,2010,SELL,6530000,367
1678731001011,2011,SELL,6501000,2432
1678731001012,2012,SELL,6419000,4555
1678731001013,2013,SELL,6493000,2168
1678731001014,2014,BUY,6551000,2961
1678731001015,2015,BUY,6486000,983
1678731001016,2016,SELL,6513000,2378
1678731001017,2017,BUY,6557000,446
1678731001018,2018,BUY,6430000,1314
1678731001019,2019,SELL,6479000,2394
1678731001020,2020,BUY,6554000,1599
1678731001021,2021,SELL,6493000,669
1678731001022,2022,SELL,6451000,1021
1678731001023,2023,BUY,6540000,2317
1678731001024,2024,BUY,6544000,1045
1678731001025,2025,BUY,6463000,4055
1678731001026,2026,SELL,6540000,1274
1678731001027,2027,SELL,6527000,1894
1678731001028,2028,SELL,6448000,3424
1678731001029,2029,SELL,6547000,827
1678731001030,2030,SELL,6491000,898
1678731001031,2031,SELL,6523000,677
1678731001032,2032,BUY,6459000,4242
1678731001033,2033,BUY,6432000,4533
1678731001034,2034,SELL,6440000,2681
1678731001035,2035,SELL,6406000,3502
1678731001036,2036,BUY,6472000,3909
1678731001037,2037,BUY,6503000,3810
1678731001038,2038,SELL,6561000,938
1678731001039,2039,SELL,6548000,532
1678731001040,2040,BUY,6552000,4638
1678731001041,2041,SELL,6447000,1326
1678731001042,2042,SELL,6493000,2597
1678731001043,2043,SELL,6520000,1388
1678731001044,2044,BUY,6438000,236
1678731001045,2045,SELL,6472000,4978
1678731001046,2046,SELL,6572000,2798
1678731001047,2047,BUY,6477000,2088
1678731001048,2048,SELL,6483000,3903
1678731001049,2049,SELL,6546000,2015
1678731001050,2050,BUY,6580000,1782
1678731001051,2051,SELL,6548000,3986
1678731001052,2052,SELL,6540000,949
1678731001053,2053,BUY,6563000,549
1678731001054,2054,SELL,6492000,3614
1678731001055,2055,SELL,6509000,244
1678731001056,2056,BUY,6505000,2110
1678731001057,2057,SELL,6412000,4663
1678731001058,2058,BUY,6504000,684
1678731001059,2059,BUY,6508000,396
1678731001060,2060,BUY,6539000,4989
1678731001061,2061,SELL,6620000,4646
1678731001062,2062,BUY,6527000,2287
1678731001063,2063,BUY,6501000,3933
1678731001064,2064,BUY,6464000,2161
1678731001065,2065,SELL,6456000,2755
1678731001066,2066,SELL,6506000,2232
1678731001067,2067,SELL,6461000,2802
1678731001068,2068,SELL,6462000,4035
1678731001069,2069,BUY,6549000,2813
1678731001070,2070,BUY,6591000,4589
1678731001071,2071,BUY,6588000,3728
1678731001072,2072,SELL,6597000,4436
1678731001073,2073,SELL,6525000,4330
1678731001074,2074,BUY,6466000,3295
1678731001075,2075,BUY,6453000,653
1678731001076,2076,SELL,6507000,2667
1678731001077,2077,SELL,6515000,3286
1678731001078,2078,BUY,6497000,525
1678731001079,2079,SELL,6465000,402
1678731001080,2080,BUY,6521000,4539
1678731001081,2081,BUY,6606000,3881
1678731001082,2082,SELL,6469000,3280
1678731001083,2083,SELL,6436000,3522
1678731001084,2084,SELL,6570000,470
1678731001085,2085,BUY,6519000,3441
1678731001086,2086,SELL,6448000,500
1678731001087,2087,BUY,6521000,1082
1678731001088,2088,BUY,6455000,1733
1678731001089,2089,BUY,6562000,2616
1678731001090,2090,BUY,6555000,1786
1678731001091,2091,SELL,6555000,2062
1678731001092,2092,SELL,6464000,1956
1678731001093,2093,SELL,6415000,2793
1678731001094,2094,BUY,6511000,3655
1678731001095,2095,SELL,6473000,2359
1678731001096,2096,BUY,6486000,502
1678731001097,2097,BUY,6428000,629
1678731001098,2098,BUY,6529000,3573
1678731001099,2099,SELL,6478000,3762
1678731001100,2100,SELL,6523000,366
1678731001101,2101,BUY,6420000,879
1678731001102,2102,SELL,6500000,939
1678731001103,2103,BUY,6521000,529
1678731001104,2104,BUY,6490000,2029
1678731001105,2105,BUY,6590000,4292
1678731001106,2106,SELL,6520000,95
1678731001107,2107,SELL,6528000,4242
1678731001108,2108,BUY,6563000,3593
1678731001109,2109,SELL,6472000,4019
1678731001110,2110,BUY,6433000,2513
1678731001111,2111,SELL,6503000,2847
1678731001112,2112,BUY,6475000,3957
1678731001113,2113,BUY,6499000,1206
1678731001114,2114,SELL,6421000,3328
1678731001115,2115,BUY,6462000,2186
1678731001116,2116,SELL,6566000,3916
1678731001117,2117,SELL,6467000,2461
1678731001118,2118,BUY,6550000,4379
1678731001119,2119,BUY,6406000,125
1678731001120,2120,BUY,6580000,3018
1678731001121,2121,SELL,6407000,163
1678731001122,2122,BUY,6452000,4420
1678731001123,2123,BUY,6500000,1074
1678731001124,2124,BUY,6534000,1970
1678731001125,2125,BUY,6479000,4814
1678731001126,2126,SELL,6584000,2645
1678731001127,2127,SELL,6403000,3964
1678731001128,2128,BUY,6485000,2048
1678731001129,2129,BUY,6538000,4657
1678731001130,2130,BUY,6526000,883
1678731001131,2131,SELL,6533000,1432
1678731001132,2132,SELL,6460000,1401
1678731001133,2133,BUY,6467000,4217
1678731001134,2134,BUY,6509000,1400
1678731001135,2135,SELL,6369000,3364
1678731001136,2136,SELL,6446000,3617
1678731001137,2137,SELL,6561000,4083
1678731001138,2138,SELL,6562000,3262
1678731001139,2139,SELL,6353000,288
1678731001140,2140,BUY,6389000,4786
1678731001141,2141,BUY,6547000,3842
1678731001142,2142,SELL,6457000,1683
1678731001143,2143,SELL,6568000,3166
1678731001144,2144,BUY,6442000,4525
1678731001145,2145,BUY,6533000,3250
1678731001146,2146,BUY,6466000,3623
1678731001147,2147,SELL,6413000,4974
1678731001148,2148,BUY,6523000,4601
1678731001149,2149,BUY,6476000,3821
1678731001150,2150,BUY,6571000,319
1678731001151,2151,BUY,6470000,2001
1678731001152,2152,BUY,6459000,3283
1678731001153,2153,SELL,6504000,4548
1678731001154,2154,SELL,6506000,3732
1678731001155,2155,SELL,6412000,4115
1678731001156,2156,SELL,6492000,162
1678731001157,2157,BUY,6523000,2974
1678731001158,2158,BUY,6548000,1762
1678731001159,2159,BUY,6535000,3885
1678731001160,2160,BUY,6490000,4209
1678731001161,2161,BUY,6439000,3504
1678731001162,2162,BUY,6524000,176
1678731001163,2163,BUY,6511000,1671
1678731001164,2164,BUY,6477000,4367
1678731001165,2165,SELL,6481000,1341
1678731001166,2166,BUY,6477000,1109
1678731001167,2167,SELL,6515000,184
1678731001168,2168,BUY,6524000,1507
1678731001169,2169,BUY,6405000,3181
1678731001170,2170,SELL,6572000,378
1678731001171,2171,BUY,6464000,52
1678731001172,2172,SELL,6522000,4864
1678731001173,2173,SELL,6496000,3396
1678731001174,2174,BUY,6592000,2396
1678731001175,2175,BUY,6515000,2250
1678731001176,2176,BUY,6497000,4630
1678731001177,2177,SELL,6448000,1865
1678731001178,2178,SELL,6511000,3741
1678731001179,2179,BUY,6509000,461
1678731001180,2180,SELL,6471000,892
1678731001181,2181,BUY,6548000,4078
1678731001182,2182,SELL,6490000,4556
1678731001183,2183,SELL,6521000,3072
1678731001184,2184,BUY,6468000,3207
1678731001185,2185,BUY,6503000,2388
1678731001186,2186,BUY,6493000,3178
1678731001187,2187,BUY,6533000,2626
1678731001188,2188,SELL,6529000,3114
1678731001189,2189,SELL,6428000,59
1678731001190,2190,SELL,6561000,1483
1678731001191,2191,SELL,6444000,2616
1678731001192,2192,BUY,6517000,1559
1678731001193,2193,BUY,6472000,3484
1678731001194,2194,SELL,6491000,2771
1678731001195,2195,BUY,6521000,4674
1678731001196,2196,SELL,6497000,2379
1678731001197,2197,SELL,6520000,1351
1678731001198,2198,BUY,6435000,4530
1678731001199,2199,BUY,6517000,3812
1678731001200,2200,BUY,6464000,4883
1678731001201,2201,SELL,6508000,217
1678731001202,2202,SELL,6524000,4127
1678731001203,2203,SELL,6593000,3376
1678731001204,2204,BUY,6468000,4508
1678731001205,2205,SELL,6588000,3564
1678731001206,2206,BUY,6550000,4665
1678731001207,2207,SELL,6559000,4850
1678731001208,2208,BUY,6451000,4767
1678731001209,2209,BUY,6607000,569
1678731001210,2210,BUY,6564000,619
1678731001211,2211,SELL,6529000,4130
1678731001212,2212,BUY,6577000,1101
1678731001213,2213,BUY,6430000,826
1678731001214,2214,BUY,6572000,4723
1678731001215,2215,SELL,6537000,185
1678731001216,2216,SELL,6499000,2111
1678731001217,2217,SELL,6584000,3500
1678731001218,2218,SELL,6514000,3686
1678731001219,2219,BUY,6513000,82
1678731001220,2220,BUY,6526000,2227
1678731001221,2221,SELL,6598000,2269
1678731001222,2222,BUY,6525000,160
1678731001223,2223,BUY,6552000,2794
1678731001224,2224,BUY,6458000,4907
1678731001225,2225,SELL,6454000,2260
1678731001226,2226,BUY,6574000,1194
1678731001227,2227,BUY,6534000,1561
1678731001228,2228,SELL,6523000,2376
1678731001229,2229,BUY,6524000,3767
1678731001230,2230,BUY,6504000,1921
1678731001231,2231,BUY,6416000,3831
1678731001232,2232,SELL,6573000,2566
1678731001233,2233,SELL,6480000,304
1678731001234,2234,BUY,6486000,2606
1678731001235,2235,BUY,6540000,1883
1678731001236,2236,SELL,6462000,3651
1678731001237,2237,BUY,6607000,751
1678731001238,2238,SELL,6461000,1368
1678731001239,2239,SELL,6599000,72
1678731001240,2240,SELL,6497000,4361
1678731001241,2241,BUY,6480000,3654
1678731001242,2242,BUY,6449000,2991
1678731001243,2243,SELL,6548000,130
1678731001244,2244,BUY,6486000,934
1678731001245,2245,BUY,6486000,2042
1678731001246,2246,SELL,6517000,2678
1678731001247,2247,BUY,6539000,812
1678731001248,2248,SELL,6400000,3616
1678731001249,2249,BUY,6593000,286
1678731001250,2250,BUY,6528000,2601
1678731001251,2251,BUY,6475000,3945
1678731001252,2252,BUY,6572000,4419
1678731001253,2253,BUY,6430000,2905
1678731001254,2254,BUY,6457000,1039
1678731001255,2255,BUY,6488000,2166
1678731001256,2256,BUY,6484000,2318
1678731001257,2257,SELL,6518000,96
1678731001258,2258,BUY,6530000,2952
1678731001259,2259,SELL,6521000,2514
1678731001260,2260,BUY,6526000,3639
1678731001261,2261,SELL,6450000,4600
1678731001262,2262,SELL,6476000,3697
1678731001263,2263,BUY,6579000,4555
1678731001264,2264,BUY,6548000,4767
1678731001265,2265,SELL,6466000,4394
1678731001266,2266,SELL,6470000,508
1678731001267,2267,SELL,6578000,4739
1678731001268,2268,SELL,6484000,4779
1678731001269,2269,BUY,6489000,3621
1678731001270,2270,BUY,6466000,156
1678731001271,2271,SELL,6474000,3992
1678731001272,2272,SELL,6501000,146
1678731001273,2273,BUY,6512000,3370
1678731001274,2274,SELL,6519000,458
1678731001275,2275,BUY,6593000,955
1678731001276,2276,SELL,6569000,2987
1678731001277,2277,BUY,6611000,4025
1678731001278,2278,BUY,6596000,4937
1678731001279,2279,BUY,6497000,2982
1678731001280,2280,BUY,6519000,4176
1678731001281,2281,BUY,6500000,1358
1678731001282,2282,SELL,6535000,826
1678731001283,2283,BUY,6554000,830
1678731001284,2284,BUY,6516000,260
1678731001285,2285,BUY,6551000,3710
1678731001286,2286,BUY,6517000,3903
1678731001287,2287,SELL,6531000,1106
1678731001288,2288,SELL,6519000,1631
1678731001289,2289,SELL,6518000,2482
1678731001290,2290,BUY,6468000,727
1678731001291,2291,BUY,6554000,4444
1678731001292,2292,BUY,6373000,4244
1678731001293,2293,BUY,6479000,2999
1678731001294,2294,SELL,6547000,2808
1678731001295,2295,BUY,6486000,2349
1678731001296,2296,BUY,6501000,4790
1678731001297,2297,SELL,6518000,2614
1678731001298,2298,SELL,6471000,12
1678731001299,2299,SELL,6496000,215
1678731001300,2300,SELL,6469000,4749
1678731001301,2301,BUY,6490000,2900
1678731001302,2302,SELL,6443000,1289
1678731001303,2303,BUY,6532000,680
1678731001304,2304,SELL,6575000,1965
1678731001305,2305,SELL,6513000,259
1678731001306,2306,SELL,6515000,2864
1678731001307,2307,SELL,6391000,3395
1678731001308,2308,SELL,6575000,4688
1678731001309,2309,SELL,6459000,1298
1678731001310,2310,BUY,6482000,2458
1678731001311,2311,SELL,6445000,2784
1678731001312,2312,BUY,6482000,813
1678731001313,2313,SELL,6573000,3566
1678731001314,2314,BUY,6553000,1715
1678731001315,2315,BUY,6460000,3350
1678731001316,2316,BUY,6411000,964
1678731001317,2317,SELL,6568000,1639
1678731001318,2318,SELL,6543000,3288
1678731001319,2319,SELL,6547000,2650
1678731001320,2320,SELL,6445000,867
1678731001321,2321,BUY,6491000,4763
1678731001322,2322,SELL,6391000,3887
1678731001323,2323,BUY,6577000,4344
1678731001324,2324,BUY,6536000,4261
1678731001325,2325,BUY,6459000,932
1678731001326,2326,SELL,6438000,984
1678731001327,2327,BUY,6542000,2445
1678731001328,2328,SELL,6540000,213
1678731001329,2329,BUY,6536000,4497
1678731001330,2330,BUY,6524000,1550
1678731001331,2331,SELL,6483000,3201
1678731001332,2332,SELL,6571000,2113
1678731001333,2333,SELL,6482000,3585
1678731001334,2334,SELL,6515000,2388
1678731001335,2335,BUY,6516000,1215
1678731001336,2336,BUY,6552000,2515
1678731001337,2337,BUY,6530000,4470
1678731001338,2338,BUY,6531000,2838
1678731001339,2339,BUY,6412000,2860
1678731001340,2340,SELL,6470000,959
1678731001341,2341,BUY,6560000,4613
1678731001342,2342,SELL,6566000,3514
1678731001343,2343,SELL,6531000,3849
1678731001344,2344,BUY,6551000,4814
1678731001345,2345,BUY,6600000,3206
1678731001346,2346,SELL,6501000,4488
1678731001347,2347,BUY,6507000,2740
1678731001348,2348,SELL,6446000,2268
1678731001349,2349,BUY,6511000,660
1678731001350,2350,SELL,6394000,3272
1678731001351,2351,BUY,6518000,3644
1678731001352,2352,BUY,6499000,2227
1678731001353,2353,SELL,6557000,1047
1678731001354,2354,BUY,6474000,3236
1678731001355,2355,BUY,6597000,1108
1678731001356,2356,BUY,6500000,580
1678731001357,2357,BUY,6598000,2914
1678731001358,2358,BUY,6475000,4938
1678731001359,2359,SELL,6462000,1688
1678731001360,2360,SELL,6473000,4198
1678731001361,2361,SELL,6504000,4759
1678731001362,2362,SELL,6436000,4885
1678731001363,2363,SELL,6491000,1151
1678731001364,2364,SELL,6535000,3265
1678731001365,2365,SELL,6512000,4118
1678731001366,2366,BUY,6526000,3885
1678731001367,2367,SELL,6417000,1620
1678731001368,2368,SELL,6492000,4401
1678731001369,2369,SELL,6476000,4745
1678731001370,2370,SELL,6446000,4935
1678731001371,2371,BUY,6540000,2576
1678731001372,2372,SELL,6474000,3337
1678731001373,2373,BUY,6560000,4284
1678731001374,2374,SELL,6541000,3304
1678731001375,2375,BUY,6512000,1240
1678731001376,2376,BUY,6475000,3866
1678731001377,2377,SELL,6490000,934
1678731001378,2378,BUY,6491000,1104
1678731001379,2379,SELL,6466000,2627
1678731001380,2380,SELL,6488000,2785
1678731001381,2381,SELL,6413000,4669
1678731001382,2382,BUY,6501000,2050
1678731001383,2383,SELL,6516000,593
1678731001384,2384,SELL,6467000,119
1678731001385,2385,SELL,6543000,913
1678731001386,2386,BUY,6435000,646
1678731001387,2387,BUY,6429000,4141
1678731001388,2388,BUY,6516000,4271
1678731001389,2389,BUY,6481000,1889
1678731001390,2390,BUY,6457000,4136
1678731001391,2391,BUY,6498000,4116
1678731001392,2392,SELL,6515000,4591
1678731001393,2393,SELL,6482000,1457
1678731001394,2394,SELL,6494000,3226
1678731001395,2395,BUY,6505000,3328
1678731001396,2396,BUY,6462000,2163
1678731001397,2397,BUY,6577000,235
1678731001398,2398,BUY,6582000,539
1678731001399,2399,BUY,6527000,2163
1678731001400,2400,BUY,6506000,2906
1678731001401,2401,SELL,6561000,2450
1678731001402,2402,SELL,6482000,854
1678731001403,2403,SELL,6500000,456
1678731001404,2404,SELL,6564000,236
1678731001405,2405,SELL,6554000,2969
1678731001406,2406,BUY,6486000,2887
1678731001407,2407,SELL,6578000,1942
1678731001408,2408,BUY,6567000,1891
1678731001409,2409,SELL,6502000,1640
1678731001410,2410,SELL,6548000,3272
1678731001411,2411,SELL,6456000,229
1678731001412,2412,BUY,6558000,2795
1678731001413,2413,SELL,6498000,415
1678731001414,2414,SELL,6601000,81
1678731001415,2415,SELL,6578000,2063
1678731001416,2416,SELL,6559000,708
1678731001417,2417,SELL,6473000,836
1678731001418,2418,BUY,6524000,317
1678731001419,2419,BUY,6473000,2344
1678731001420,2420,SELL,6526000,4488
1678731001421,2421,SELL,6481000,4630
1678731001422,2422,BUY,6506000,285
1678731001423,2423,SELL,6470000,2774
1678731001424,2424,BUY,6416000,920
1678731001425,2425,BUY,6519000,3139
1678731001426,2426,SELL,6509000,3555
1678731001427,2427,BUY,6535000,2756
1678731001428,2428,BUY,6575000,3083
1678731001429,2429,SELL,6543000,731
1678731001430,2430,BUY,6508000,507
1678731001431,2431,BUY,6517000,1127
1678731001432,2432,SELL,6537000,1657
1678731001433,2433,BUY,6556000,2993
1678731001434,2434,BUY,6601000,2771
1678731001435,2435,SELL,6481000,4670
1678731001436,2436,BUY,6474000,1858
1678731001437,2437,SELL,6502000,2706
1678731001438,2438,SELL,6484000,3881
1678731001439,2439,BUY,6422000,1514
1678731001440,2440,BUY,6524000,1354
1678731001441,2441,BUY,6511000,3313
1678731001442,2442,SELL,6467000,1514
1678731001443,2443,SELL,6504000,2563
1678731001444,2444,BUY,6505000,1601
1678731001445,2445,SELL,6537000,4447
1678731001446,2446,SELL,6506000,1978
1678731001447,2447,BUY,6576000,2196
1678731001448,2448,SELL,6449000,1096
1678731001449,2449,SELL,6438000,1884
1678731001450,2450,BUY,6553000,3228
1678731001451,2451,SELL,6584000,4079
1678731001452,2452,SELL,6583000,3807
1678731001453,2453,SELL,6569000,3757
1678731001454,2454,SELL,6573000,2757
1678731001455,2455,SELL,6543000,1388
1678731001456,2456,SELL,6477000,1971
1678731001457,2457,SELL,6542000,2873
1678731001458,2458,SELL,6490000,4015
1678731001459,2459,SELL,6532000,932
1678731001460,2460,BUY,6442000,3368
1678731001461,2461,SELL,6516000,1408
1678731001462,2462,SELL,6350000,1283
1678731001463,2463,SELL,6504000,3059
1678731001464,2464,BUY,6542000,3091
1678731001465,2465,BUY,6434000,4257
1678731001466,2466,BUY,6587000,2408
1678731001467,2467,SELL,6452000,4245
1678731001468,2468,BUY,6444000,138
1678731001469,2469,SELL,6556000,3682
1678731001470,2470,SELL,6530000,4957
1678731001471,2471,BUY,6507000,637
1678731001472,2472,SELL,6585000,4989
1678731001473,2473,SELL,6511000,3224
1678731001474,2474,SELL,6467000,1335
1678731001475,2475,BUY,6520000,993
1678731001476,2476,BUY,6505000,4980
1678731001477,2477,SELL,6545000,1336
1678731001478,2478,BUY,6509000,4069
1678731001479,2479,BUY,6454000,2783
1678731001480,2480,SELL,6583000,2195
1678731001481,2481,BUY,6462000,1018
1678731001482,2482,SELL,6464000,2062
1678731001483,2483,SELL,6540000,3318
1678731001484,2484,BUY,6487000,1270
1678731001485,2485,SELL,6463000,3942
1678731001486,2486,BUY,6513000,369
1678731001487,2487,SELL,6509000,2876
1678731001488,2488,SELL,6503000,4016
1678731001489,2489,SELL,6452000,2774
1678731001490,2490,BUY,6492000,741
1678731001491,2491,SELL,6516000,4711
1678731001492,2492,BUY,6522000,1729
1678731001493,2493,BUY,6496000,4779
1678731001494,2494,BUY,6484000,906
1678731001495,2495,BUY,6506000,287
1678731001496,2496,SELL,6532000,4866
1678731001497,2497,BUY,6429000,1459
1678731001498,2498,BUY,6566000,2668
1678731001499,2499,BUY,6495000,3768
1678731001500,2500,BUY,6509000,666
1678731001501,2501,SELL,6440000,4954
1678731001502,2502,SELL,6541000,1272
1678731001503,2503,SELL,6506000,3526
1678731001504,2504,BUY,6534000,1786
1678731001505,2505,BUY,6537000,1278
1678731001506,2506,SELL,6462000,3086
1678731001507,2507,SELL,6492000,3613
1678731001508,2508,SELL,6576000,1421
1678731001509,2509,BUY,6559000,4631
1678731001510,2510,SELL,6461000,2944
1678731001511,2511,BUY,6463000,4124
1678731001512,2512,BUY,6491000,2476
1678731001513,2513,BUY,6503000,1949
1678731001514,2514,SELL,6483000,2101
1678731001515,2515,SELL,6557000,4250
1678731001516,2516,BUY,6526000,4905
1678731001517,2517,SELL,6496000,3222
1678731001518,2518,SELL,6514000,4568
1678731001519,2519,BUY,6411000,3917
1678731001520,2520,SELL,6473000,1317
1678731001521,2521,SELL,6478000,2294
1678731001522,2522,SELL,6468000,4897
1678731001523,2523,BUY,6485000,4276
1678731001524,2524,BUY,6475000,3857
1678731001525,2525,BUY,6544000,3585
1678731001526,2526,SELL,6450000,3394
1678731001527,2527,SELL,6424000,4076
1678731001528,2528,SELL,6495000,2790
1678731001529,2529,BUY,6489000,3691
1678731001530,2530,BUY,6487000,2407
1678731001531,2531,SELL,6511000,1985
1678731001532,2532,SELL,6444000,3174
1678731001533,2533,BUY,6401000,2063
1678731001534,2534,SELL,6560000,617
1678731001535,2535,BUY,6497000,1774
1678731001536,2536,SELL,6487000,3972
1678731001537,2537,BUY,6516000,4940
1678731001538,2538,SELL,6554000,1485
1678731001539,2539,BUY,6550000,818
1678731001540,2540,BUY,6515000,2511
1678731001541,2541,BUY,6513000,1226
1678731001542,2542,SELL,6542000,982
1678731001543,2543,BUY,6464000,2133
1678731001544,2544,BUY,6518000,850
1678731001545,2545,BUY,6463000,4819
1678731001546,2546,BUY,6448000,2941
1678731001547,2547,SELL,6464000,4135
1678731001548,2548,BUY,6447000,2425
1678731001549,2549,BUY,6509000,3106
1678731001550,2550,SELL,6555000,4711
1678731001551,2551,BUY,6547000,1970
1678731001552,2552,BUY,6452000,1811
1678731001553,2553,BUY,6476000,1630
1678731001554,2554,BUY,6482000,4915
1678731001555,2555,SELL,6524000,3076
1678731001556,2556,BUY,6565000,4588
1678731001557,2557,BUY,6404000,196
1678731001558,2558,SELL,6498000,2355
1678731001559,2559,SELL,6495000,1366
1678731001560,2560,SELL,6565000,1912
1678731001561,2561,BUY,6621000,4023
1678731001562,2562,BUY,6458000,1799
1678731001563,2563,BUY,6490000,26
1678731001564,2564,BUY,6457000,3038
1678731001565,2565,SELL,6443000,99
1678731001566,2566,SELL,6469000,4181
1678731001567,2567,BUY,6400000,935
1678731001568,2568,BUY,6437000,3205
1678731001569,2569,BUY,6560000,3374
1678731001570,2570,BUY,6492000,4023
1678731001571,2571,SELL,6596000,4566
1678731001572,2572,SELL,6535000,294
1678731001573,2573,SELL,6530000,4943
1678731001574,2574,BUY,6487000,793
1678731001575,2575,SELL,6450000,959
1678731001576,2576,SELL,6457000,2091
1678731001577,2577,BUY,6578000,3508
1678731001578,2578,SELL,6483000,701
1678731001579,2579,SELL,6526000,941
1678731001580,2580,BUY,6459000,3416
1678731001581,2581,BUY,6515000,157
1678731001582,2582,BUY,6559000,3598
1678731001583,2583,SELL,6481000,1888
1678731001584,2584,SELL,6442000,1869
1678731001585,2585,BUY,6570000,3381
1678731001586,2586,SELL,6555000,4268
1678731001587,2587,BUY,6530000,1886
1678731001588,2588,BUY,6408000,297
1678731001589,2589,SELL,6485000,4292
1678731001590,2590,SELL,6460000,153
1678731001591,2591,SELL,6408000,254
1678731001592,2592,BUY,6480000,896
1678731001593,2593,BUY,6467000,2061
1678731001594,2594,BUY,6507000,2664
1678731001595,2595,BUY,6416000,4052
1678731001596,2596,SELL,6466000,1141
1678731001597,2597,BUY,6452000,4052
1678731001598,2598,SELL,6522000,21
1678731001599,2599,BUY,6545000,2547
1678731001600,2600,BUY,6482000,4883
1678731001601,2601,SELL,6449000,307
1678731001602,2602,SELL,6534000,1407
1678731001603,2603,SELL,6568000,2360
1678731001604,2604,BUY,6450000,194
1678731001605,2605,SELL,6514000,2420
1678731001606,2606,BUY,6584000,4693
1678731001607,2607,SELL,6420000,4306
1678731001608,2608,SELL,6519000,4893
1678731001609,2609,BUY,6521000,4165
1678731001610,2610,SELL,6546000,3489
1678731001611,2611,SELL,6559000,1419
1678731001612,2612,BUY,6546000,2182
1678731001613,2613,BUY,6509000,289
1678731001614,2614,BUY,6508000,1761
1678731001615,2615,SELL,6560000,4779
1678731001616,2616,SELL,6486000,4141
1678731001617,2617,BUY,6446000,2696
1678731001618,2618,SELL,6507000,1129
1678731001619,2619,BUY,6505000,2998
1678731001620,2620,SELL,6512000,672
1678731001621,2621,SELL,6494000,4228
1678731001622,2622,SELL,6527000,3185
1678731001623,2623,BUY,6488000,3824
1678731001624,2624,BUY,6558000,3223
1678731001625,2625,BUY,6454000,3639
1678731001626,2626,SELL,6532000,2166
1678731001627,2627,BUY,6511000,381
1678731001628,2628,BUY,6446000,4952
1678731001629,2629,BUY,6449000,874
1678731001630,2630,BUY,6404000,4188
1678731001631,2631,SELL,6529000,2247
1678731001632,2632,BUY,6638000,335
1678731001633,2633,BUY,6530000,3490
1678731001634,2634,BUY,6432000,1280
1678731001635,2635,BUY,6472000,4713
1678731001636,2636,BUY,6513000,4052
1678731001637,2637,BUY,6498000,2585
1678731001638,2638,BUY,6516000,3976
1678731001639,2639,SELL,6563000,138
1678731001640,2640,BUY,6557000,4113
1678731001641,2641,BUY,6560000,3004
1678731001642,2642,BUY,6560000,1654
1678731001643,2643,SELL,6542000,3154
1678731001644,2644,BUY,6491000,662
1678731001645,2645,BUY,6505000,3522
1678731001646,2646,SELL,6449000,3935
1678731001647,2647,BUY,6604000,2268
1678731001648,2648,SELL,6634000,3833
1678731001649,2649,BUY,6561000,1059
1678731001650,2650,BUY,6462000,4316
1678731001651,2651,SELL,6546000,4885
1678731001652,2652,BUY,6491000,2863
1678731001653,2653,SELL,6519000,4532
1678731001654,2654,BUY,6419000,4847
1678731001655,2655,BUY,6578000,1253
1678731001656,2656,BUY,6564000,3967
1678731001657,2657,BUY,6517000,385
1678731001658,2658,BUY,6537000,3644
1678731001659,2659,BUY,6550000,4151
1678731001660,2660,BUY,6543000,2173
1678731001661,2661,SELL,6474000,4365
1678731001662,2662,BUY,6579000,2580
1678731001663,2663,SELL,6485000,2486
1678731001664,2664,BUY,6503000,322
1678731001665,2665,SELL,6521000,930
1678731001666,2666,SELL,6393000,2839
1678731001667,2667,SELL,6503000,3628
1678731001668,2668,SELL,6415000,4790
1678731001669,2669,BUY,6442000,4727
1678731001670,2670,SELL,6432000,516
1678731001671,2671,BUY,6410000,253
1678731001672,2672,SELL,6440000,3600
1678731001673,2673,SELL,6386000,1882
1678731001674,2674,SELL,6440000,1474
1678731001675,2675,BUY,6496000,4486
1678731001676,2676,SELL,6536000,2570
1678731001677,2677,SELL,6479000,1221
1678731001678,2678,SELL,6533000,511
1678731001679,2679,SELL,6457000,1293
1678731001680,2680,BUY,6512000,4396
1678731001681,2681,SELL,6549000,3846
1678731001682,2682,SELL,6407000,1879
1678731001683,2683,BUY,6513000,517
1678731001684,2684,BUY,6508000,3112
1678731001685,2685,SELL,6553000,4526
1678731001686,2686,BUY,6515000,1311
1678731001687,2687,BUY,6560000,2165
1678731001688,2688,SELL,6449000,702
1678731001689,2689,BUY,6430000,1488
1678731001690,2690,BUY,6419000,4687
1678731001691,2691,SELL,6450000,1745
1678731001692,2692,SELL,6450000,2664
1678731001693,2693,SELL,6375000,2090
1678731001694,2694,SELL,6564000,164
1678731001695,2695,BUY,6526000,914
1678731001696,2696,SELL,6543000,280
1678731001697,2697,SELL,6403000,3966
1678731001698,2698,SELL,6486000,1716
1678731001699,2699,SELL,6488000,1781
1678731001700,2700,SELL,6431000,4685
1678731001701,2701,BUY,6486000,4827
1678731001702,2702,SELL,6500000,1483
1678731001703,2703,SELL,6461000,4488
1678731001704,2704,SELL,6567000,3166
1678731001705,2705,BUY,6523000,4249
1678731001706,2706,BUY,6441000,229
1678731001707,2707,BUY,6485000,1664
1678731001708,2708,BUY,6528000,3134
1678731001709,2709,SELL,6524000,3524
1678731001710,2710,SELL,6511000,934
1678731001711,2711,BUY,6470000,1912
1678731001712,2712,BUY,6540000,44
1678731001713,2713,SELL,6457000,2680
1678731001714,2714,SELL,6468000,349
1678731001715,2715,BUY,6458000,1724
1678731001716,2716,BUY,6463000,3097
1678731001717,2717,BUY,6506000,3276
1678731001718,2718,SELL,6503000,1026
1678731001719,2719,BUY,6527000,2072
1678731001720,2720,BUY,6567000,2323
1678731001721,2721,BUY,6367000,1241
1678731001722,2722,SELL,6489000,315
1678731001723,2723,SELL,6477000,3546
1678731001724,2724,SELL,6555000,429
1678731001725,2725,BUY,6539000,3872
1678731001726,2726,BUY,6506000,3106
1678731001727,2727,SELL,6515000,3271
1678731001728,2728,BUY,6505000,3525
1678731001729,2729,BUY,6460000,2236
1678731001730,2730,SELL,6572000,4573
1678731001731,2731,SELL,6476000,2538
1678731001732,2732,SELL,6524000,3513
1678731001733,2733,BUY,6502000,2663
1678731001734,2734,BUY,6525000,1099
1678731001735,2735,SELL,6436000,2048
1678731001736,2736,BUY,6466000,504
1678731001737,2737,BUY,6555000,3192
1678731001738,2738,BUY,6482000,4479
1678731001739,2739,BUY,6525000,1461
1678731001740,2740,SELL,6537000,2944
1678731001741,2741,SELL,6568000,3744
1678731001742,2742,SELL,6473000,4544
1678731001743,2743,SELL,6526000,1989
1678731001744,2744,BUY,6523000,4797
1678731001745,2745,BUY,6521000,3207
1678731001746,2746,BUY,6521000,136
1678731001747,2747,BUY,6460000,1201
1678731001748,2748,SELL,6375000,1029
1678731001749,2749,SELL,6525000,4089
1678731001750,2750,BUY,6581000,4190
1678731001751,2751,SELL,6525000,1777
1678731001752,2752,BUY,6445000,4768
1678731001753,2753,BUY,6412000,4169
1678731001754,2754,BUY,6582000,1191
1678731001755,2755,BUY,6536000,500
1678731001756,2756,SELL,6438000,4418
1678731001757,2757,BUY,6537000,1892
1678731001758,2758,BUY,6459000,4785
1678731001759,2759,BUY,6533000,691
1678731001760,2760,BUY,6494000,2703
1678731001761,2761,BUY,6502000,4754
1678731001762,2762,BUY,6481000,4401
1678731001763,2763,SELL,6435000,3258
1678731001764,2764,BUY,6421000,1637
1678731001765,2765,BUY,6473000,37
1678731001766,2766,BUY,6498000,2607
1678731001767,2767,SELL,6407000,1108
1678731001768,2768,SELL,6496000,4251
1678731001769,2769,SELL,6455000,1274
1678731001770,2770,SELL,6472000,2759
1678731001771,2771,BUY,6481000,4258
1678731001772,2772,BUY,6553000,3563
1678731001773,2773,BUY,6511000,1771
1678731001774,2774,BUY,6561000,4633
1678731001775,2775,SELL,6522000,2898
1678731001776,2776,BUY,6460000,1881
1678731001777,2777,SELL,6471000,1472
1678731001778,2778,SELL,6431000,2078
1678731001779,2779,SELL,6600000,1524
1678731001780,2780,BUY,6435000,2050
1678731001781,2781,SELL,6503000,283
1678731001782,2782,SELL,6480000,488
1678731001783,2783,BUY,6561000,525
1678731001784,2784,BUY,6530000,1421
1678731001785,2785,BUY,6553000,281
1678731001786,2786,BUY,6524000,3342
1678731001787,2787,SELL,6588000,1691
1678731001788,2788,BUY,6533000,4722
1678731001789,2789,SELL,6458000,76
1678731001790,2790,SELL,6488000,1150
1678731001791,2791,BUY,6516000,2542
1678731001792,2792,BUY,6557000,4758
1678731001793,2793,SELL,6500000,558
1678731001794,2794,SELL,6539000,208
1678731001795,2795,SELL,6539000,1791
1678731001796,2796,SELL,6509000,3750
1678731001797,2797,SELL,6527000,188
1678731001798,2798,BUY,6491000,797
1678731001799,2799,SELL,6491000,4314
1678731001800,2800,BUY,6524000,2928
1678731001801,2801,SELL,6496000,1139
1678731001802,2802,BUY,6481000,4699
1678731001803,2803,BUY,6450000,2943
1678731001804,2804,SELL,6583000,1860
1678731001805,2805,SELL,6437000,1500
1678731001806,2806,SELL,6526000,4322
1678731001807,2807,SELL,6524000,2927
1678731001808,2808,SELL,6523000,4337
1678731001809,2809,BUY,6486000,3665
1678731001810,2810,SELL,6625000,1587
1678731001811,2811,BUY,6482000,3784
1678731001812,2812,BUY,6520000,2603
1678731001813,2813,SELL,6515000,4002
1678731001814,2814,SELL,6492000,2388
1678731001815,2815,SELL,6480000,3464
1678731001816,2816,BUY,6469000,1199
1678731001817,2817,BUY,6549000,697
1678731001818,2818,BUY,6538000,4932
1678731001819,2819,SELL,6560000,1821
1678731001820,2820,SELL,6529000,1654
1678731001821,2821,BUY,6531000,2726
1678731001822,2822,BUY,6541000,3116
1678731001823,2823,BUY,6442000,4492
1678731001824,2824,SELL,6492000,1764
1678731001825,2825,SELL,6503000,976
1678731001826,2826,SELL,6483000,699
1678731001827,2827,BUY,6516000,2222
1678731001828,2828,BUY,6614000,3513
1678731001829,2829,BUY,6456000,1593
1678731001830,2830,SELL,6515000,620
1678731001831,2831,SELL,6470000,456
1678731001832,2832,SELL,6478000,1083
1678731001833,2833,SELL,6460000,4823
1678731001834,2834,SELL,6470000,4667
1678731001835,2835,SELL,6489000,2304
1678731001836,2836,SELL,6463000,361
1678731001837,2837,BUY,6549000,1961
1678731001838,2838,SELL,6506000,1034
1678731001839,2839,SELL,6495000,4184
1678731001840,2840,SELL,6393000,1115
1678731001841,2841,SELL,6514000,2000
1678731001842,2842,BUY,6615000,930
1678731001843,2843,SELL,6662000,2071
1678731001844,2844,SELL,6494000,3649
1678731001845,2845,SELL,6490000,4445
1678731001846,2846,BUY,6529000,3566
1678731001847,2847,SELL,6468000,2691
1678731001848,2848,SELL,6465000,451
1678731001849,2849,BUY,6478000,4235
1678731001850,2850,SELL,6539000,2650
1678731001851,2851,BUY,6560000,3741
1678731001852,2852,SELL,6402000,1746
1678731001853,2853,BUY,6555000,1459
1678731001854,2854,BUY,6533000,2731
1678731001855,2855,BUY,6523000,4262
1678731001856,2856,SELL,6485000,2384
1678731001857,2857,BUY,6507000,5000
1678731001858,2858,BUY,6447000,2182
1678731001859,2859,SELL,6501000,1716
1678731001860,2860,BUY,6538000,1138
1678731001861,2861,BUY,6451000,4333
1678731001862,2862,SELL,6481000,2931
1678731001863,2863,SELL,6487000,1089
1678731001864,2864,BUY,6458000,3030
1678731001865,2865,BUY,6495000,238
1678731001866,2866,BUY,6508000,928
1678731001867,2867,SELL,6509000,508
1678731001868,2868,SELL,6502000,1868
1678731001869,2869,BUY,6472000,155
1678731001870,2870,SELL,6541000,3587
1678731001871,2871,BUY,6459000,3898
1678731001872,2872,SELL,6471000,2531
1678731001873,2873,SELL,6514000,2578
1678731001874,2874,BUY,6474000,2748
1678731001875,2875,SELL,6428000,3209
1678731001876,2876,SELL,6507000,92
1678731001877,2877,SELL,6433000,3778
1678731001878,2878,BUY,6438000,3615
1678731001879,2879,BUY,6408000,3293
1678731001880,2880,SELL,6584000,2667
1678731001881,2881,BUY,6513000,2169
1678731001882,2882,SELL,6522000,1143
1678731001883,2883,SELL,6545000,1311
1678731001884,2884,BUY,6440000,1515
1678731001885,2885,BUY,6451000,3195
1678731001886,2886,BUY,6565000,2767
1678731001887,2887,BUY,6509000,188
1678731001888,2888,BUY,6520000,501
1678731001889,2889,BUY,6468000,70
1678731001890,2890,SELL,6487000,4170
1678731001891,2891,SELL,6483000,595
1678731001892,2892,SELL,6512000,3408
1678731001893,2893,SELL,6502000,1014
1678731001894,2894,SELL,6507000,4713
1678731001895,2895,BUY,6439000,11
1678731001896,2896,SELL,6401000,2709
1678731001897,2897,SELL,6501000,2930
1678731001898,2898,SELL,6440000,3139
1678731001899,2899,SELL,6508000,911
1678731001900,2900,BUY,6493000,557
1678731001901,2901,BUY,6480000,576
1678731001902,2902,SELL,6513000,4953
1678731001903,2903,BUY,6480000,815
1678731001904,2904,BUY,6558000,3628
1678731001905,2905,BUY,6466000,2470
1678731001906,2906,SELL,6543000,2651
1678731001907,2907,BUY,6513000,1936
1678731001908,2908,BUY,6534000,1769
1678731001909,2909,SELL,6594000,3184
1678731001910,2910,SELL,6546000,3178
1678731001911,2911,SELL,6526000,4088
1678731001912,2912,SELL,6583000,729
1678731001913,2913,BUY,6559000,3608
1678731001914,2914,SELL,6530000,3575
1678731001915,2915,BUY,6455000,4603
1678731001916,2916,SELL,6382000,2070
1678731001917,2917,BUY,6516000,3682
1678731001918,2918,BUY,6492000,2594
1678731001919,2919,BUY,6481000,2233
1678731001920,2920,BUY,6490000,353
1678731001921,2921,SELL,6463000,4471
1678731001922,2922,SELL,6489000,2053
1678731001923,2923,SELL,6499000,3730
1678731001924,2924,SELL,6452000,2425
1678731001925,2925,SELL,6508000,4273
1678731001926,2926,SELL,6422000,4800
1678731001927,2927,BUY,6483000,161
1678731001928,2928,SELL,6530000,505
1678731001929,2929,SELL,6518000,2158
1678731001930,2930,BUY,6492000,3514
1678731001931,2931,BUY,6510000,744
1678731001932,2932,SELL,6503000,4664
1678731001933,2933,BUY,6633000,3286
1678731001934,2934,BUY,6490000,2304
1678731001935,2935,BUY,6423000,2915
1678731001936,2936,SELL,6455000,4197
1678731001937,2937,BUY,6407000,1726
1678731001938,2938,BUY,6541000,4378
1678731001939,2939,SELL,6505000,4282
1678731001940,2940,SELL,6532000,4672
1678731001941,2941,SELL,6543000,3436
1678731001942,2942,SELL,6565000,1079
1678731001943,2943,SELL,6522000,4513
1678731001944,2944,BUY,6493000,2521
1678731001945,2945,SELL,6472000,2499
1678731001946,2946,SELL,6466000,4253
1678731001947,2947,SELL,6612000,3152
1678731001948,2948,BUY,6510000,1367
1678731001949,2949,BUY,6429000,4643
1678731001950,2950,BUY,6487000,77
1678731001951,2951,BUY,6457000,4003
1678731001952,2952,BUY,6370000,1173
1678731001953,2953,SELL,6455000,565
1678731001954,2954,BUY,6550000,2667
1678731001955,2955,SELL,6576000,2339
1678731001956,2956,BUY,6494000,1611
1678731001957,2957,SELL,6468000,1490
1678731001958,2958,BUY,6420000,1309
1678731001959,2959,BUY,6446000,3889
1678731001960,2960,SELL,6519000,3420
1678731001961,2961,SELL,6503000,3637
1678731001962,2962,BUY,6461000,4285
1678731001963,2963,BUY,6482000,3132
1678731001964,2964,SELL,6569000,1807
1678731001965,2965,SELL,6605000,825
1678731001966,2966,BUY,6546000,4297
1678731001967,2967,BUY,6442000,4483
1678731001968,2968,BUY,6512000,3352
1678731001969,2969,BUY,6483000,4510
1678731001970,2970,SELL,6541000,1651
1678731001971,2971,SELL,6525000,2950
1678731001972,2972,BUY,6538000,2176
1678731001973,2973,SELL,6502000,555
1678731001974,2974,BUY,6518000,972
1678731001975,2975,SELL,6469000,3816
1678731001976,2976,BUY,6564000,2995
1678731001977,2977,BUY,6600000,875
1678731001978,2978,SELL,6504000,2907
1678731001979,2979,BUY,6517000,28
1678731001980,2980,SELL,6572000,783
1678731001981,2981,SELL,6525000,4742
1678731001982,2982,BUY,6582000,2577
1678731001983,2983,SELL,6568000,1684
1678731001984,2984,SELL,6529000,2269
1678731001985,2985,SELL,6540000,883
1678731001986,2986,SELL,6596000,863
1678731001987,2987,BUY,6461000,2293
1678731001988,2988,SELL,6501000,4515
1678731001989,2989,SELL,6396000,1279
1678731001990,2990,BUY,6477000,1479
1678731001991,2991,SELL,6542000,1690
1678731001992,2992,BUY,6477000,79
1678731001993,2993,BUY,6490000,2096
1678731001994,2994,SELL,6493000,2789
1678731001995,2995,BUY,6461000,765
1678731001996,2996,SELL,6469000,119
1678731001997,2997,BUY,6464000,3875
1678731001998,2998,BUY,6566000,189
1678731001999,2999,SELL,6477000,1927
1678731002000,3000,BUY,6587000,4394
1678731002001,3001,BUY,6518000,4635
1678731002002,3002,BUY,6427000,3884
1678731002003,3003,BUY,6579000,4987
1678731002004,3004,BUY,6565000,2145
1678731002005,3005,SELL,6435000,3974
1678731002006,3006,SELL,6429000,445
1678731002007,3007,BUY,6474000,148
1678731002008,3008,SELL,6637000,952
1678731002009,3009,BUY,6535000,3889
1678731002010,3010,BUY,6543000,4846
1678731002011,3011,SELL,6522000,963
1678731002012,3012,BUY,6442000,2197
1678731002013,3013,SELL,6451000,555
1678731002014,3014,BUY,6498000,14
1678731002015,3015,SELL,6543000,3263
1678731002016,3016,BUY,6479000,2673
1678731002017,3017,BUY,6546000,1283
1678731002018,3018,BUY,6519000,4773
1678731002019,3019,SELL,6511000,2646
1678731002020,3020,BUY,6483000,3169
1678731002021,3021,SELL,6553000,263
1678731002022,3022,SELL,6488000,1430
1678731002023,3023,BUY,6548000,3411
1678731002024,3024,SELL,6443000,664
1678731002025,3025,SELL,6454000,769
1678731002026,3026,BUY,6556000,3436
1678731002027,3027,BUY,6538000,3833
1678731002028,3028,SELL,6473000,4131
1678731002029,3029,BUY,6438000,4526
1678731002030,3030,BUY,6483000,1018
1678731002031,3031,BUY,6418000,1520
1678731002032,3032,SELL,6481000,999
1678731002033,3033,BUY,6485000,264
1678731002034,3034,SELL,6502000,4979
1678731002035,3035,BUY,6481000,4462
1678731002036,3036,SELL,6472000,2581
1678731002037,3037,BUY,6500000,3007
1678731002038,3038,SELL,6514000,206
1678731002039,3039,SELL,6454000,887
1678731002040,3040,SELL,6355000,2425
1678731002041,3041,SELL,6468000,2647
1678731002042,3042,BUY,6446000,554
1678731002043,3043,BUY,6596000,3649
1678731002044,3044,BUY,6418000,3676
1678731002045,3045,SELL,6456000,4412
1678731002046,3046,SELL,6481000,4320
1678731002047,3047,SELL,6493000,3691
1678731002048,3048,SELL,6490000,1342
1678731002049,3049,SELL,6552000,4012
1678731002050,3050,SELL,6543000,4210
1678731002051,3051,SELL,6435000,781
1678731002052,3052,BUY,6472000,3109
1678731002053,3053,SELL,6480000,3417
1678731002054,3054,SELL,6405000,2921
1678731002055,3055,SELL,6487000,2425
1678731002056,3056,BUY,6552000,4666
1678731002057,3057,SELL,6511000,928
1678731002058,3058,SELL,6582000,845
1678731002059,3059,BUY,6463000,2272
1678731002060,3060,SELL,6563000,2439
1678731002061,3061,BUY,6553000,3320
1678731002062,3062,BUY,6516000,4032
1678731002063,3063,SELL,6497000,4794
1678731002064,3064,SELL,6518000,4583
1678731002065,3065,SELL,6566000,3501
1678731002066,3066,BUY,6520000,3074
1678731002067,3067,SELL,6539000,597
1678731002068,3068,BUY,6489000,3936
1678731002069,3069,SELL,6549000,4030
1678731002070,3070,SELL,6546000,174
1678731002071,3071,BUY,6472000,2008
1678731002072,3072,BUY,6549000,423
1678731002073,3073,BUY,6522000,4167
1678731002074,3074,SELL,6466000,555
1678731002075,3075,SELL,6490000,4160
1678731002076,3076,SELL,6496000,4336
1678731002077,3077,BUY,6433000,3971
1678731002078,3078,SELL,6549000,3159
1678731002079,3079,BUY,6451000,4154
1678731002080,3080,BUY,6517000,3655
1678731002081,3081,BUY,6476000,2877
1678731002082,3082,BUY,6496000,2204
1678731002083,3083,SELL,6479000,455
1678731002084,3084,BUY,6631000,3347
1678731002085,3085,BUY,6414000,271
1678731002086,3086,BUY,6574000,101
1678731002087,3087,BUY,6496000,4185
1678731002088,3088,SELL,6528000,2543
1678731002089,3089,SELL,6349000,4130
1678731002090,3090,SELL,6445000,4124
1678731002091,3091,SELL,6512000,1226
1678731002092,3092,BUY,6559000,4850
1678731002093,3093,SELL,6480000,3404
1678731002094,3094,BUY,6490000,2741
1678731002095,3095,BUY,6472000,3947
1678731002096,3096,BUY,6407000,2258
1678731002097,3097,BUY,6539000,2566
1678731002098,3098,SELL,6501000,4388
1678731002099,3099,BUY,6483000,267
1678731002100,3100,BUY,6545000,4528
1678731002101,3101,SELL,6554000,767
1678731002102,3102,BUY,6542000,4534
1678731002103,3103,SELL,6380000,4002
1678731002104,3104,BUY,6497000,2342
1678731002105,3105,BUY,6625000,2253
1678731002106,3106,BUY,6596000,1971
1678731002107,3107,BUY,6507000,732
1678731002108,3108,SELL,6469000,3796
1678731002109,3109,BUY,6564000,218
1678731002110,3110,BUY,6491000,2054
1678731002111,3111,BUY,6496000,1759
1678731002112,3112,BUY,6450000,3402
1678731002113,3113,BUY,6563000,2490
1678731002114,3114,BUY,6479000,1860
1678731002115,3115,SELL,6472000,4208
1678731002116,3116,SELL,6497000,688
1678731002117,3117,BUY,6524000,998
1678731002118,3118,SELL,6495000,1799
1678731002119,3119,SELL,6538000,1435
1678731002120,3120,SELL,6421000,2052
1678731002121,3121,BUY,6526000,1288
1678731002122,3122,BUY,6644000,3813
1678731002123,3123,SELL,6540000,1037
1678731002124,3124,BUY,6483000,2251
1678731002125,3125,BUY,6536000,2775
1678731002126,3126,SELL,6454000,4998
1678731002127,3127,SELL,6546000,3392
1678731002128,3128,SELL,6438000,1168
1678731002129,3129,BUY,6421000,4283
1678731002130,3130,SELL,6579000,4691
1678731002131,3131,BUY,6504000,2074
1678731002132,3132,SELL,6548000,2052
1678731002133,3133,BUY,6557000,2032
1678731002134,3134,BUY,6467000,4150
1678731002135,3135,SELL,6507000,3260
1678731002136,3136,SELL,6560000,2271
1678731002137,3137,SELL,6493000,4179
1678731002138,3138,BUY,6461000,697
1678731002139,3139,BUY,6498000,1302
1678731002140,3140,SELL,6465000,334
1678731002141,3141,SELL,6480000,2003
1678731002142,3142,BUY,6501000,2593
1678731002143,3143,SELL,6442000,3597
1678731002144,3144,SELL,6394000,4974
1678731002145,3145,SELL,6428000,697
1678731002146,3146,SELL,6412000,4578
1678731002147,3147,SELL,6502000,3405
1678731002148,3148,SELL,6466000,364
1678731002149,3149,BUY,6472000,2034
1678731002150,3150,SELL,6535000,4925
1678731002151,3151,SELL,6465000,4276
1678731002152,3152,BUY,6491000,2496
1678731002153,3153,BUY,6445000,236
1678731002154,3154,SELL,6453000,1558
1678731002155,3155,SELL,6508000,3967
1678731002156,3156,SELL,6411000,3969
1678731002157,3157,BUY,6489000,532
1678731002158,3158,SELL,6436000,3955
1678731002159,3159,SELL,6509000,2219
1678731002160,3160,BUY,6477000,4944
1678731002161,3161,BUY,6497000,1103
1678731002162,3162,BUY,6502000,2795
1678731002163,3163,SELL,6398000,2768
1678731002164,3164,BUY,6491000,4000
1678731002165,3165,BUY,6438000,4855
1678731002166,3166,SELL,6534000,1885
1678731002167,3167,BUY,6529000,3416
1678731002168,3168,SELL,6559000,58
1678731002169,3169,SELL,6513000,3871
1678731002170,3170,SELL,6472000,1407
1678731002171,3171,BUY,6535000,3836
1678731002172,3172,BUY,6506000,2745
1678731002173,3173,SELL,6445000,91
1678731002174,3174,BUY,6455000,172
1678731002175,3175,SELL,6509000,3749
1678731002176,3176,SELL,6543000,3456
1678731002177,3177,SELL,6439000,2800
1678731002178,3178,BUY,6509000,3943
1678731002179,3179,SELL,6466000,932
1678731002180,3180,SELL,6493000,574
1678731002181,3181,BUY,6545000,2607
1678731002182,3182,BUY,6347000,360
1678731002183,3183,BUY,6523000,1938
1678731002184,3184,SELL,6512000,2236
1678731002185,3185,BUY,6488000,4877
1678731002186,3186,SELL,6565000,2429
1678731002187,3187,BUY,6523000,1903
1678731002188,3188,SELL,6525000,1135
1678731002189,3189,SELL,6538000,4171
1678731002190,3190,BUY,6553000,2180
1678731002191,3191,BUY,6524000,456
1678731002192,3192,BUY,6542000,605
1678731002193,3193,BUY,6493000,2760
1678731002194,3194,BUY,6543000,3590
1678731002195,3195,SELL,6527000,979
1678731002196,3196,BUY,6375000,239
1678731002197,3197,BUY,6447000,3195
1678731002198,3198,SELL,6502000,3576
1678731002199,3199,SELL,6462000,3065
1678731002200,3200,BUY,6483000,3062
1678731002201,3201,SELL,6390000,2312
1678731002202,3202,SELL,6481000,4376
1678731002203,3203,BUY,6461000,1290
1678731002204,3204,SELL,6464000,4968
1678731002205,3205,BUY,6521000,897
1678731002206,3206,SELL,6499000,447
1678731002207,3207,BUY,6555000,3759
1678731002208,3208,SELL,6510000,3255
1678731002209,3209,BUY,6446000,4561
1678731002210,3210,SELL,6511000,495
1678731002211,3211,BUY,6432000,209
1678731002212,3212,BUY,6534000,4353
1678731002213,3213,SELL,6527000,2321
1678731002214,3214,SELL,6461000,614
1678731002215,3215,SELL,6403000,3858
1678731002216,3216,BUY,6574000,4607
1678731002217,3217,SELL,6524000,3885
1678731002218,3218,SELL,6514000,857
1678731002219,3219,SELL,6557000,4517
1678731002220,3220,SELL,6517000,2568
1678731002221,3221,BUY,6410000,4321
1678731002222,3222,BUY,6479000,3301
1678731002223,3223,SELL,6418000,736
1678731002224,3224,BUY,6533000,4781
1678731002225,3225,BUY,6516000,292
1678731002226,3226,SELL,6460000,2980
1678731002227,3227,BUY,6552000,3507
1678731002228,3228,SELL,6562000,574
1678731002229,3229,SELL,6593000,835
1678731002230,3230,SELL,6522000,4641
1678731002231,3231,SELL,6531000,1245
1678731002232,3232,BUY,6495000,4733
1678731002233,3233,BUY,6509000,3559
1678731002234,3234,BUY,6534000,1364
1678731002235,3235,SELL,6532000,1846
1678731002236,3236,SELL,6481000,3628
1678731002237,3237,SELL,6476000,1517
1678731002238,3238,SELL,6452000,1304
1678731002239,3239,BUY,6519000,4075
1678731002240,3240,BUY,6553000,1613
1678731002241,3241,BUY,6459000,2451
1678731002242,3242,BUY,6485000,2106
1678731002243,3243,SELL,6416000,2218
1678731002244,3244,BUY,6513000,2512
1678731002245,3245,SELL,6534000,1677
1678731002246,3246,SELL,6529000,1366
1678731002247,3247,BUY,6450000,3269
1678731002248,3248,SELL,6486000,2093
1678731002249,3249,BUY,6471000,4544
1678731002250,3250,BUY,6482000,3406
1678731002251,3251,SELL,6567000,4412
1678731002252,3252,SELL,6527000,2125
1678731002253,3253,SELL,6442000,2749
1678731002254,3254,BUY,6436000,1567
1678731002255,3255,SELL,6567000,1054
1678731002256,3256,SELL,6361000,4776
1678731002257,3257,BUY,6521000,110
1678731002258,3258,SELL,6489000,4035
1678731002259,3259,BUY,6499000,2552
1678731002260,3260,BUY,6463000,2268
1678731002261,3261,BUY,6454000,3675
1678731002262,3262,SELL,6597000,279
1678731002263,3263,BUY,6447000,3470
1678731002264,3264,BUY,6494000,371
1678731002265,3265,BUY,6506000,1466
1678731002266,3266,BUY,6488000,1062
1678731002267,3267,BUY,6493000,2519
1678731002268,3268,BUY,6467000,3942
1678731002269,3269,SELL,6551000,2139
1678731002270,3270,SELL,6509000,329
1678731002271,3271,SELL,6491000,1462
1678731002272,3272,SELL,6462000,3543
1678731002273,3273,BUY,6492000,1125
1678731002274,3274,SELL,6492000,1934
1678731002275,3275,SELL,6504000,936
1678731002276,3276,BUY,6493000,4684
1678731002277,3277,SELL,6503000,2171
1678731002278,3278,SELL,6558000,3879
1678731002279,3279,BUY,6477000,4491
1678731002280,3280,SELL,6591000,3772
1678731002281,3281,BUY,6441000,2732
1678731002282,3282,BUY,6491000,818
1678731002283,3283,SELL,6483000,4136
1678731002284,3284,SELL,6539000,1655
1678731002285,3285,BUY,6499000,67
1678731002286,3286,SELL,6501000,692
1678731002287,3287,BUY,6508000,2018
1678731002288,3288,SELL,6500000,1487
1678731002289,3289,SELL,6445000,3916
1678731002290,3290,BUY,6494000,820
1678731002291,3291,SELL,6567000,2867
1678731002292,3292,SELL,6541000,1904
1678731002293,3293,SELL,6451000,2715
1678731002294,3294,BUY,6524000,2023
1678731002295,3295,SELL,6482000,500
1678731002296,3296,BUY,6399000,1643
1678731002297,3297,BUY,6503000,2936
1678731002298,3298,BUY,6474000,3977
1678731002299,3299,SELL,6572000,2268
1678731002300,3300,BUY,6484000,711
1678731002301,3301,BUY,6502000,1929
1678731002302,3302,SELL,6542000,4274
1678731002303,3303,BUY,6541000,4334
1678731002304,3304,BUY,6471000,3728
1678731002305,3305,SELL,6533000,3945
1678731002306,3306,SELL,6434000,1918
1678731002307,3307,BUY,6531000,4238
1678731002308,3308,SELL,6541000,1780
1678731002309,3309,SELL,6519000,1787
1678731002310,3310,BUY,6526000,2986
1678731002311,3311,SELL,6512000,1721
1678731002312,3312,BUY,6506000,2615
1678731002313,3313,SELL,6540000,687
1678731002314,3314,SELL,6533000,1105
1678731002315,3315,SELL,6579000,1792
1678731002316,3316,SELL,6474000,4879
1678731002317,3317,SELL,6534000,4016
1678731002318,3318,SELL,6513000,953
1678731002319,3319,BUY,6539000,955
1678731002320,3320,BUY,6491000,1534
1678731002321,3321,BUY,6433000,260
1678731002322,3322,BUY,6494000,4886
1678731002323,3323,SELL,6558000,1219
1678731002324,3324,SELL,6501000,2689
1678731002325,3325,BUY,6457000,2895
1678731002326,3326,BUY,6543000,2380
1678731002327,3327,SELL,6570000,4720
1678731002328,3328,BUY,6407000,974
1678731002329,3329,BUY,6491000,3685
1678731002330,3330,BUY,6460000,3180
1678731002331,3331,SELL,6441000,365
1678731002332,3332,BUY,6519000,1023
1678731002333,3333,BUY,6522000,837
1678731002334,3334,BUY,6532000,1875
1678731002335,3335,BUY,6489000,2121
1678731002336,3336,BUY,6553000,1574
1678731002337,3337,BUY,6486000,4611
1678731002338,3338,SELL,6506000,1470
1678731002339,3339,BUY,6475000,3995
1678731002340,3340,BUY,6528000,4938
1678731002341,3341,BUY,6533000,4388
1678731002342,3342,SELL,6475000,565
1678731002343,3343,SELL,6570000,1573
1678731002344,3344,BUY,6529000,2359
1678731002345,3345,SELL,6469000,2272
1678731002346,3346,SELL,6498000,620
1678731002347,3347,BUY,6504000,2785
1678731002348,3348,BUY,6423000,40
1678731002349,3349,BUY,6466000,1410
1678731002350,3350,SELL,6505000,880
1678731002351,3351,BUY,6536000,3614
1678731002352,3352,SELL,6528000,4143
1678731002353,3353,SELL,6542000,2043
1678731002354,3354,BUY,6533000,463
1678731002355,3355,BUY,6463000,2794
1678731002356,3356,BUY,6522000,3989
1678731002357,3357,SELL,6482000,930
1678731002358,3358,BUY,6534000,2027
1678731002359,3359,SELL,6562000,1238
1678731002360,3360,BUY,6454000,2878
1678731002361,3361,SELL,6514000,1448
1678731002362,3362,BUY,6520000,2273
1678731002363,3363,SELL,6531000,221
1678731002364,3364,SELL,6458000,560
1678731002365,3365,BUY,6491000,951
1678731002366,3366,SELL,6504000,2872
1678731002367,3367,SELL,6493000,658
1678731002368,3368,SELL,6493000,2757
1678731002369,3369,BUY,6501000,1019
1678731002370,3370,BUY,6475000,4319
1678731002371,3371,SELL,6486000,4274
1678731002372,3372,SELL,6561000,4621
1678731002373,3373,SELL,6476000,4558
1678731002374,3374,SELL,6487000,3744
1678731002375,3375,BUY,6440000,442
1678731002376,3376,BUY,6430000,2114
1678731002377,3377,BUY,6494000,2243
1678731002378,3378,SELL,6483000,2523
1678731002379,3379,BUY,6553000,1783
1678731002380,3380,BUY,6565000,938
1678731002381,3381,SELL,6606000,1983
1678731002382,3382,BUY,6467000,622
1678731002383,3383,SELL,6536000,605
1678731002384,3384,BUY,6484000,454
1678731002385,3385,BUY,6510000,4327
1678731002386,3386,BUY,6493000,2073
1678731002387,3387,SELL,6497000,2055
1678731002388,3388,SELL,6497000,2285
1678731002389,3389,SELL,6525000,1818
1678731002390,3390,SELL,6499000,2461
1678731002391,3391,BUY,6410000,1099
1678731002392,3392,BUY,6536000,4364
1678731002393,3393,SELL,6441000,4208
1678731002394,3394,BUY,6515000,2870
1678731002395,3395,SELL,6430000,3000
1678731002396,3396,BUY,6520000,3263
1678731002397,3397,BUY,6482000,776
1678731002398,3398,SELL,6486000,2675
1678731002399,3399,SELL,6531000,3501
1678731002400,3400,SELL,6512000,347
1678731002401,3401,SELL,6496000,3118
1678731002402,3402,SELL,6440000,3548
1678731002403,3403,SELL,6543000,2110
1678731002404,3404,SELL,6481000,3880
1678731002405,3405,BUY,6554000,3577
1678731002406,3406,BUY,6517000,405
1678731002407,3407,BUY,6471000,4520
1678731002408,3408,BUY,6488000,1659
1678731002409,3409,BUY,6514000,3445
1678731002410,3410,SELL,6455000,223
1678731002411,3411,SELL,6490000,3247
1678731002412,3412,BUY,6570000,2981
1678731002413,3413,SELL,6492000,132
1678731002414,3414,SELL,6476000,2496
1678731002415,3415,SELL,6516000,571
1678731002416,3416,SELL,6451000,3541
1678731002417,3417,BUY,6525000,944
1678731002418,3418,SELL,6547000,1048
1678731002419,3419,BUY,6543000,4665
1678731002420,3420,SELL,6458000,4923
1678731002421,3421,BUY,6476000,1174
1678731002422,3422,BUY,6464000,530
1678731002423,3423,BUY,6495000,4476
1678731002424,3424,BUY,6550000,252
1678731002425,3425,BUY,6433000,4617
1678731002426,3426,BUY,6539000,779
1678731002427,3427,BUY,6407000,416
1678731002428,3428,BUY,6499000,4759
1678731002429,3429,SELL,6450000,1191
1678731002430,3430,BUY,6548000,3343
1678731002431,3431,BUY,6465000,2907
1678731002432,3432,SELL,6498000,1323
1678731002433,3433,SELL,6498000,1080
1678731002434,3434,BUY,6518000,330
1678731002435,3435,SELL,6452000,565
1678731002436,3436,SELL,6524000,2437
1678731002437,3437,BUY,6506000,2014
1678731002438,3438,SELL,6512000,2173
1678731002439,3439,BUY,6465000,3877
1678731002440,3440,BUY,6466000,2337
1678731002441,3441,SELL,6551000,627
1678731002442,3442,SELL,6540000,1002
1678731002443,3443,BUY,6446000,1387
1678731002444,3444,SELL,6427000,1315
1678731002445,3445,BUY,6431000,4843
1678731002446,3446,BUY,6480000,2533
1678731002447,3447,BUY,6563000,1495
1678731002448,3448,BUY,6388000,1040
1678731002449,3449,SELL,6502000,4773
1678731002450,3450,BUY,6501000,4355
1678731002451,3451,SELL,6379000,1628
1678731002452,3452,SELL,6518000,2832
1678731002453,3453,BUY,6544000,1734
1678731002454,3454,BUY,6455000,2115
1678731002455,3455,BUY,6536000,1148
1678731002456,3456,SELL,6474000,802
1678731002457,3457,SELL,6522000,3120
1678731002458,3458,BUY,6390000,293
1678731002459,3459,BUY,6554000,1668
1678731002460,3460,BUY,6486000,2396
1678731002461,3461,SELL,6481000,1804
1678731002462,3462,BUY,6495000,4875
1678731002463,3463,SELL,6545000,3903
1678731002464,3464,SELL,6485000,3302
1678731002465,3465,BUY,6536000,3303
1678731002466,3466,SELL,6599000,234
1678731002467,3467,SELL,6471000,747
1678731002468,3468,SELL,6565000,1898
1678731002469,3469,BUY,6528000,1269
1678731002470,3470,BUY,6570000,519
1678731002471,3471,SELL,6502000,1833
1678731002472,3472,BUY,6496000,4242
1678731002473,3473,SELL,6523000,2144
1678731002474,3474,BUY,6515000,3677
1678731002475,3475,SELL,6493000,1314
1678731002476,3476,BUY,6551000,161
1678731002477,3477,SELL,6560000,1335
1678731002478,3478,SELL,6520000,4143
1678731002479,3479,SELL,6446000,2879
1678731002480,3480,BUY,6515000,3242
1678731002481,3481,BUY,6554000,2365
1678731002482,3482,SELL,6435000,2501
1678731002483,3483,BUY,6444000,4070
1678731002484,3484,BUY,6487000,2835
1678731002485,3485,SELL,6471000,4220
1678731002486,3486,BUY,6534000,1425
1678731002487,3487,SELL,6395000,978
1678731002488,3488,BUY,6379000,930
1678731002489,3489,BUY,6456000,4282
1678731002490,3490,BUY,6464000,3632
1678731002491,3491,BUY,6427000,2275
1678731002492,3492,SELL,6449000,4161
1678731002493,3493,SELL,6488000,807
1678731002494,3494,SELL,6464000,1903
1678731002495,3495,BUY,6515000,2912
1678731002496,3496,SELL,6483000,1510
1678731002497,3497,BUY,6491000,1770
1678731002498,3498,SELL,6574000,4345
1678731002499,3499,SELL,6485000,2289
1678731002500,3500,BUY,6526000,4544
1678731002501,3501,BUY,6488000,354
1678731002502,3502,SELL,6420000,2472
1678731002503,3503,BUY,6490000,635
1678731002504,3504,SELL,6477000,753
1678731002505,3505,BUY,6448000,1578
1678731002506,3506,SELL,6562000,4049
1678731002507,3507,SELL,6438000,3961
1678731002508,3508,SELL,6510000,2142
1678731002509,3509,BUY,6590000,1064
1678731002510,3510,BUY,6454000,1404
1678731002511,3511,BUY,6526000,4080
1678731002512,3512,BUY,6500000,1142
1678731002513,3513,BUY,6512000,3630
1678731002514,3514,BUY,6453000,1085
1678731002515,3515,BUY,6594000,2394
1678731002516,3516,SELL,6409000,3748
1678731002517,3517,SELL,6499000,1169
1678731002518,3518,BUY,6541000,2692
1678731002519,3519,SELL,6521000,3558
1678731002520,3520,SELL,6515000,2433
1678731002521,3521,SELL,6505000,4271
1678731002522,3522,SELL,6457000,1635
1678731002523,3523,BUY,6552000,3893
1678731002524,3524,SELL,6489000,4690
1678731002525,3525,BUY,6487000,4019
1678731002526,3526,SELL,6543000,411
1678731002527,3527,BUY,6536000,233
1678731002528,3528,SELL,6411000,4287
1678731002529,3529,BUY,6546000,1351
1678731002530,3530,BUY,6474000,4999
1678731002531,3531,SELL,6565000,2813
1678731002532,3532,SELL,6504000,591
1678731002533,3533,BUY,6577000,1949
1678731002534,3534,BUY,6511000,1823
1678731002535,3535,SELL,6413000,1553
1678731002536,3536,BUY,6478000,1326
1678731002537,3537,SELL,6504000,171
1678731002538,3538,BUY,6498000,1668
1678731002539,3539,SELL,6463000,1973
1678731002540,3540,SELL,6486000,3199
1678731002541,3541,BUY,6531000,2758
1678731002542,3542,BUY,6482000,1077
1678731002543,3543,SELL,6494000,2933
1678731002544,3544,SELL,6532000,4617
1678731002545,3545,SELL,6499000,2102
1678731002546,3546,SELL,6559000,276
1678731002547,3547,SELL,6535000,847
1678731002548,3548,BUY,6510000,366
1678731002549,3549,BUY,6520000,3825
1678731002550,3550,SELL,6546000,1820
1678731002551,3551,BUY,6542000,2651
1678731002552,3552,BUY,6496000,4367
1678731002553,3553,SELL,6519000,2749
1678731002554,3554,SELL,6470000,2453
1678731002555,3555,BUY,6583000,3219
1678731002556,3556,BUY,6430000,3757
1678731002557,3557,BUY,6470000,302
1678731002558,3558,SELL,6486000,2696
1678731002559,3559,SELL,6445000,2662
1678731002560,3560,SELL,6458000,3873
1678731002561,3561,BUY,6497000,3410
1678731002562,3562,SELL,6533000,3301
1678731002563,3563,BUY,6529000,2710
1678731002564,3564,BUY,6506000,4449
1678731002565,3565,SELL,6483000,1429
1678731002566,3566,SELL,6535000,1392
1678731002567,3567,BUY,6567000,3394
1678731002568,3568,BUY,6467000,38
1678731002569,3569,SELL,6465000,1030
1678731002570,3570,SELL,6479000,3378
1678731002571,3571,SELL,6551000,2772
1678731002572,3572,SELL,6441000,3750
1678731002573,3573,BUY,6539000,368
1678731002574,3574,SELL,6504000,3706
1678731002575,3575,BUY,6516000,4270
1678731002576,3576,BUY,6500000,3818
1678731002577,3577,BUY,6520000,202
1678731002578,3578,BUY,6443000,4244
1678731002579,3579,BUY,6490000,2926
1678731002580,3580,SELL,6570000,3959
1678731002581,3581,BUY,6455000,2989
1678731002582,3582,BUY,6443000,1542
1678731002583,3583,BUY,6461000,523
1678731002584,3584,BUY,6450000,1039
1678731002585,3585,SELL,6479000,726
1678731002586,3586,SELL,6460000,2218
1678731002587,3587,SELL,6561000,1089
1678731002588,3588,SELL,6477000,4737
1678731002589,3589,SELL,6510000,4518
1678731002590,3590,SELL,6508000,2332
1678731002591,3591,BUY,6549000,1112
1678731002592,3592,SELL,6504000,2615
1678731002593,3593,BUY,6355000,2198
1678731002594,3594,BUY,6470000,4482
1678731002595,3595,SELL,6527000,4856
1678731002596,3596,BUY,6481000,4808
1678731002597,3597,SELL,6378000,2069
1678731002598,3598,SELL,6538000,2865
1678731002599,3599,BUY,6507000,3422
1678731002600,3600,BUY,6474000,3778
1678731002601,3601,BUY,6557000,4843
1678731002602,3602,SELL,6446000,4321
1678731002603,3603,SELL,6505000,2612
1678731002604,3604,BUY,6461000,758
1678731002605,3605,BUY,6509000,143
1678731002606,3606,BUY,6519000,3681
1678731002607,3607,BUY,6603000,4049
1678731002608,3608,BUY,6453000,4844
1678731002609,3609,SELL,6488000,3274
1678731002610,3610,SELL,6476000,4015
1678731002611,3611,BUY,6522000,3251
1678731002612,3612,SELL,6487000,1597
1678731002613,3613,BUY,6564000,3227
1678731002614,3614,BUY,6462000,2185
1678731002615,3615,BUY,6496000,4082
1678731002616,3616,SELL,6535000,1804
1678731002617,3617,BUY,6445000,2472
1678731002618,3618,SELL,6455000,4733
1678731002619,3619,SELL,6499000,1595
1678731002620,3620,SELL,6431000,1405
1678731002621,3621,BUY,6486000,609
1678731002622,3622,SELL,6627000,2896
1678731002623,3623,SELL,6531000,2663
1678731002624,3624,SELL,6413000,4874
1678731002625,3625,BUY,6530000,3979
1678731002626,3626,BUY,6549000,4193
1678731002627,3627,SELL,6467000,799
1678731002628,3628,SELL,6544000,874
1678731002629,3629,SELL,6466000,3373
1678731002630,3630,BUY,6548000,3798
1678731002631,3631,SELL,6518000,4811
1678731002632,3632,SELL,6534000,956
1678731002633,3633,BUY,6440000,1844
1678731002634,3634,BUY,6535000,1957
1678731002635,3635,BUY,6379000,2996
1678731002636,3636,BUY,6528000,4821
1678731002637,3637,BUY,6528000,3943
1678731002638,3638,SELL,6492000,3452
1678731002639,3639,BUY,6590000,65
1678731002640,3640,BUY,6454000,679
1678731002641,3641,SELL,6424000,752
1678731002642,3642,BUY,6429000,4907
1678731002643,3643,SELL,6475000,3642
1678731002644,3644,BUY,6459000,1925
1678731002645,3645,SELL,6455000,566
1678731002646,3646,SELL,6450000,155
1678731002647,3647,SELL,6538000,883
1678731002648,3648,BUY,6491000,4743
1678731002649,3649,BUY,6458000,3088
1678731002650,3650,SELL,6511000,496
1678731002651,3651,BUY,6546000,2047
1678731002652,3652,BUY,6509000,2271
1678731002653,3653,SELL,6459000,966
1678731002654,3654,BUY,6557000,1115
1678731002655,3655,BUY,6495000,2562
1678731002656,3656,SELL,6453000,2701
1678731002657,3657,BUY,6522000,3682
1678731002658,3658,BUY,6548000,3257
1678731002659,3659,BUY,6492000,1500
1678731002660,3660,BUY,6519000,842
1678731002661,3661,SELL,6548000,4702
1678731002662,3662,BUY,6516000,2975
1678731002663,3663,SELL,6470000,3296
1678731002664,3664,BUY,6559000,1195
1678731002665,3665,BUY,6512000,2117
1678731002666,3666,BUY,6577000,4687
1678731002667,3667,BUY,6580000,4274
1678731002668,3668,SELL,6636000,2814
1678731002669,3669,BUY,6545000,1553
1678731002670,3670,SELL,6521000,4821
1678731002671,3671,SELL,6447000,828
1678731002672,3672,SELL,6583000,4955
1678731002673,3673,SELL,6483000,1139
1678731002674,3674,BUY,6393000,1816
1678731002675,3675,SELL,6575000,3219
1678731002676,3676,BUY,6571000,2374
1678731002677,3677,SELL,6400000,3775
1678731002678,3678,SELL,6466000,4697
1678731002679,3679,BUY,6515000,549
1678731002680,3680,BUY,6485000,3947
1678731002681,3681,BUY,6468000,3732
1678731002682,3682,SELL,6390000,2180
1678731002683,3683,SELL,6528000,1626
1678731002684,3684,BUY,6459000,4822
1678731002685,3685,BUY,6408000,2766
1678731002686,3686,SELL,6479000,3101
1678731002687,3687,SELL,6507000,978
1678731002688,3688,SELL,6466000,899
1678731002689,3689,BUY,6502000,3468
1678731002690,3690,BUY,6387000,811
1678731002691,3691,BUY,6628000,3359
1678731002692,3692,SELL,6526000,1577
1678731002693,3693,SELL,6473000,2969
1678731002694,3694,SELL,6492000,3387
1678731002695,3695,BUY,6534000,3411
1678731002696,3696,SELL,6448000,1172
1678731002697,3697,BUY,6480000,308
1678731002698,3698,SELL,6391000,2502
1678731002699,3699,SELL,6433000,2765
1678731002700,3700,SELL,6426000,4057
1678731002701,3701,SELL,6554000,3185
1678731002702,3702,BUY,6469000,3426
1678731002703,3703,BUY,6436000,690
1678731002704,3704,SELL,6557000,1739
1678731002705,3705,SELL,6450000,677
1678731002706,3706,BUY,6474000,2142
1678731002707,3707,SELL,6580000,2539
1678731002708,3708,SELL,6485000,3177
1678731002709,3709,SELL,6433000,3237
1678731002710,3710,BUY,6505000,2195
1678731002711,3711,BUY,6557000,4948
1678731002712,3712,SELL,6488000,1303
1678731002713,3713,SELL,6606000,3112
1678731002714,3714,SELL,6478000,262
1678731002715,3715,BUY,6427000,2769
1678731002716,3716,SELL,6539000,1269
1678731002717,3717,BUY,6434000,4959
1678731002718,3718,BUY,6517000,2578
1678731002719,3719,SELL,6520000,1895
1678731002720,3720,BUY,6452000,3191
1678731002721,3721,BUY,6465000,957
1678731002722,3722,SELL,6538000,879
1678731002723,3723,BUY,6510000,103
1678731002724,3724,SELL,6556000,4310
1678731002725,3725,BUY,6599000,3154
1678731002726,3726,SELL,6451000,777
1678731002727,3727,SELL,6549000,3695
1678731002728,3728,SELL,6502000,3356
1678731002729,3729,SELL,6438000,3158
1678731002730,3730,BUY,6558000,3859
1678731002731,3731,SELL,6401000,991
1678731002732,3732,BUY,6617000,902
1678731002733,3733,SELL,6547000,2409
1678731002734,3734,BUY,6537000,52
1678731002735,3735,SELL,6466000,1670
1678731002736,3736,SELL,6393000,2234
1678731002737,3737,BUY,6530000,967
1678731002738,3738,BUY,6537000,1831
1678731002739,3739,BUY,6380000,3413
1678731002740,3740,BUY,6480000,1824
1678731002741,3741,SELL,6464000,4711
1678731002742,3742,BUY,6604000,4093
1678731002743,3743,SELL,6481000,567
1678731002744,3744,SELL,6519000,949
1678731002745,3745,BUY,6549000,1735
1678731002746,3746,BUY,6430000,42
1678731002747,3747,SELL,6508000,3424
1678731002748,3748,BUY,6481000,3398
1678731002749,3749,BUY,6549000,2762
1678731002750,3750,SELL,6542000,347
1678731002751,3751,BUY,6589000,19
1678731002752,3752,BUY,6505000,4900
1678731002753,3753,BUY,6478000,1658
1678731002754,3754,BUY,6577000,2406
1678731002755,3755,BUY,6453000,1516
