1678731000000,1000,BUY,6444000,2235
1678731000001,1001,BUY,6515000,508
1678731000002,1002,BUY,6513000,723
1678731000003,1003,SELL,6550000,3258
1678731000004,1004,BUY,6470000,4962
1678731000005,1005,BUY,6473000,3091
1678731000006,1006,BUY,6369000,125
1678731000007,1007,BUY,6547000,2629
1678731000008,1008,SELL,6478000,4870
1678731000009,1009,BUY,6462000,1171
1678731000010,1010,BUY,6468000,1918
1678731000011,1011,SELL,6529000,4917
1678731000012,1012,SELL,6506000,3405
1678731000013,1013,BUY,6474000,2258
1678731000014,1014,BUY,6469000,89
1678731000015,1015,BUY,6547000,1162
1678731000016,1016,SELL,6448000,3054
1678731000017,1017,BUY,6491000,4168
1678731000018,1018,BUY,6488000,919
1678731000019,1019,SELL,6519000,3780
1678731000020,1020,BUY,6638000,2843
1678731000021,1021,BUY,6559000,166
1678731000022,1022,SELL,6510000,3639
1678731000023,1023,SELL,6544000,1639
1678731000024,1024,BUY,6449000,3739
1678731000025,1025,BUY,6420000,2703
1678731000026,1026,SELL,6432000,3039
1678731000027,1027,SELL,6455000,1387
1678731000028,1028,BUY,6529000,3560
1678731000029,1029,SELL,6544000,3953
1678731000030,1030,SELL,6489000,3259
1678731000031,1031,BUY,6468000,4576
1678731000032,1032,SELL,6424000,486
1678731000033,1033,BUY,6554000,1860
1678731000034,1034,BUY,6558000,2961
1678731000035,1035,SELL,6455000,1381
1678731000036,1036,SELL,6448000,4859
1678731000037,1037,SELL,6496000,4246
1678731000038,1038,SELL,6574000,1288
1678731000039,1039,BUY,6516000,211
1678731000040,1040,SELL,6480000,2202
1678731000041,1041,BUY,6496000,1016
1678731000042,1042,BUY,6429000,2821
1678731000043,1043,SELL,6552000,3481
1678731000044,1044,SELL,6473000,2704
1678731000045,1045,SELL,6425000,1023
1678731000046,1046,BUY,6489000,3477
1678731000047,1047,BUY,6478000,4404
1678731000048,1048,SELL,6525000,536
1678731000049,1049,SELL,6557000,2288
1678731000050,1050,SELL,6568000,619
1678731000051,1051,SELL,6508000,1788
1678731000052,1052,BUY,6487000,3242
1678731000053,1053,BUY,6481000,12
1678731000054,1054,SELL,6367000,2429
1678731000055,1055,BUY,6517000,3465
1678731000056,1056,BUY,6522000,849
1678731000057,1057,BUY,6491000,1101
1678731000058,1058,SELL,6452000,333
1678731000059,1059,SELL,6570000,1277
1678731000060,1060,SELL,6499000,3564
1678731000061,1061,BUY,6416000,749
1678731000062,1062,BUY,6505000,4884
1678731000063,1063,SELL,6478000,2061
1678731000064,1064,BUY,6523000,3176
1678731000065,1065,BUY,6487000,3407
1678731000066,1066,BUY,6516000,2769
1678731000067,1067,BUY,6499000,2968
1678731000068,1068,SELL,6461000,1218
1678731000069,1069,SELL,6538000,4018
1678731000070,1070,BUY,6570000,2000
1678731000071,1071,SELL,6569000,4084
1678731000072,1072,BUY,6475000,2546
1678731000073,1073,BUY,6546000,3482
1678731000074,1074,BUY,6585000,1109
1678731000075,1075,BUY,6543000,3559
1678731000076,1076,SELL,6532000,490
1678731000077,1077,BUY,6438000,4704
1678731000078,1078,SELL,6531000,4191
1678731000079,1079,BUY,6491000,3382
1678731000080,1080,BUY,6482000,1150
1678731000081,1081,SELL,6527000,883
1678731000082,1082,SELL,6568000,1311
1678731000083,1083,BUY,6626000,4982
1678731000084,1084,BUY,6427000,1401
1678731000085,1085,BUY,6559000,3505
1678731000086,1086,SELL,6530000,4256
1678731000087,1087,BUY,6560000,4679
1678731000088,1088,BUY,6511000,2908
1678731000089,1089,BUY,6542000,1868
1678731000090,1090,BUY,6508000,2433
1678731000091,1091,SELL,6439000,2248
1678731000092,1092,SELL,6536000,100
1678731000093,1093,BUY,6452000,2475
1678731000094,1094,BUY,6538000,3724
1678731000095,1095,SELL,6563000,3608
1678731000096,1096,SELL,6456000,2549
1678731000097,1097,BUY,6507000,3185
1678731000098,1098,BUY,6543000,4532
1678731000099,1099,SELL,6488000,2178
1678731000100,1100,SELL,6636000,3348
1678731000101,1101,BUY,6504000,4323
1678731000102,1102,BUY,6451000,2864
1678731000103,1103,BUY,6548000,3845
1678731000104,1104,SELL,6493000,2768
1678731000105,1105,SELL,6537000,2866
1678731000106,1106,SELL,6477000,1535
1678731000107,1107,BUY,6538000,962
1678731000108,1108,SELL,6453000,1870
1678731000109,1109,SELL,6474000,1979
1678731000110,1110,SELL,6531000,361
1678731000111,1111,BUY,6588000,1052
1678731000112,1112,SELL,6552000,1619
1678731000113,1113,SELL,6502000,4245
1678731000114,1114,SELL,6452000,2769
1678731000115,1115,BUY,6569000,1489
1678731000116,1116,SELL,6515000,3062
1678731000117,1117,SELL,6512000,417
1678731000118,1118,SELL,6571000,979
1678731000119,1119,SELL,6500000,364
1678731000120,1120,SELL,6511000,4435
1678731000121,1121,BUY,6508000,147
1678731000122,1122,BUY,6508000,3364
1678731000123,1123,BUY,6457000,1647
1678731000124,1124,BUY,6410000,4197
1678731000125,1125,SELL,6517000,4304
1678731000126,1126,BUY,6455000,1640
1678731000127,1127,SELL,6483000,4141
1678731000128,1128,SELL,6527000,2292
1678731000129,1129,BUY,6436000,4212
1678731000130,1130,BUY,6619000,3501
1678731000131,1131,SELL,6592000,700
1678731000132,1132,SELL,6500000,3576
1678731000133,1133,BUY,6522000,214
1678731000134,1134,SELL,6477000,3723
1678731000135,1135,BUY,6416000,1262
1678731000136,1136,BUY,6461000,300
1678731000137,1137,BUY,6583000,4577
1678731000138,1138,BUY,6515000,478
1678731000139,1139,SELL,6419000,922
1678731000140,1140,SELL,6518000,2184
1678731000141,1141,SELL,6582000,3653
1678731000142,1142,BUY,6463000,801
1678731000143,1143,SELL,6436000,609
1678731000144,1144,BUY,6488000,95
1678731000145,1145,BUY,6593000,3819
1678731000146,1146,BUY,6435000,2329
1678731000147,1147,BUY,6494000,3253
1678731000148,1148,BUY,6577000,4435
1678731000149,1149,BUY,6566000,1312
1678731000150,1150,BUY,6502000,2510
1678731000151,1151,SELL,6617000,2702
1678731000152,1152,SELL,6489000,4338
1678731000153,1153,SELL,6503000,3186
1678731000154,1154,SELL,6405000,2871
1678731000155,1155,SELL,6564000,651
1678731000156,1156,BUY,6534000,3134
1678731000157,1157,BUY,6503000,4104
1678731000158,1158,SELL,6475000,3282
1678731000159,1159,BUY,6510000,1933
1678731000160,1160,SELL,6468000,3468
1678731000161,1161,SELL,6482000,1748
1678731000162,1162,SELL,6518000,2095
1678731000163,1163,SELL,6529000,4839
1678731000164,1164,BUY,6527000,2847
1678731000165,1165,SELL,6464000,2884
1678731000166,1166,SELL,6410000,1257
1678731000167,1167,SELL,6438000,2907
1678731000168,1168,BUY,6577000,3702
1678731000169,1169,SELL,6478000,1199
1678731000170,1170,BUY,6500000,2488
1678731000171,1171,SELL,6546000,1954
1678731000172,1172,BUY,6488000,276
1678731000173,1173,BUY,6542000,4794
1678731000174,1174,SELL,6486000,4785
1678731000175,1175,SELL,6469000,3387
1678731000176,1176,SELL,6595000,425
1678731000177,1177,BUY,6553000,467
1678731000178,1178,BUY,6560000,1071
1678731000179,1179,SELL,6440000,4732
1678731000180,1180,SELL,6465000,4980
1678731000181,1181,SELL,6499000,288
1678731000182,1182,BUY,6484000,3532
1678731000183,1183,BUY,6540000,4844
1678731000184,1184,BUY,6530000,4336
1678731000185,1185,BUY,6567000,4194
1678731000186,1186,BUY,6478000,1989
1678731000187,1187,SELL,6510000,4461
1678731000188,1188,SELL,6557000,1191
1678731000189,1189,SELL,6476000,4540
1678731000190,1190,SELL,6466000,3544
1678731000191,1191,BUY,6568000,2413
1678731000192,1192,SELL,6398000,1251
1678731000193,1193,SELL,6578000,1658
1678731000194,1194,BUY,6484000,2032
1678731000195,1195,BUY,6499000,2862
1678731000196,1196,BUY,6563000,3409
1678731000197,1197,SELL,6538000,1195
1678731000198,1198,SELL,6427000,423
1678731000199,1199,SELL,6457000,2647
1678731000200,1200,BUY,6503000,4624
1678731000201,1201,SELL,6549000,4597
1678731000202,1202,BUY,6523000,386
1678731000203,1203,SELL,6502000,839
1678731000204,1204,SELL,6478000,4980
1678731000205,1205,SELL,6592000,3488
1678731000206,1206,SELL,6494000,542
1678731000207,1207,SELL,6548000,1685
1678731000208,1208,BUY,6492000,1947
1678731000209,1209,BUY,6432000,1154
1678731000210,1210,SELL,6404000,2062
1678731000211,1211,SELL,6518000,3018
1678731000212,1212,SELL,6537000,4597
1678731000213,1213,BUY,6573000,422
1678731000214,1214,SELL,6496000,3891
1678731000215,1215,SELL,6485000,2407
1678731000216,1216,SELL,6514000,3751
1678731000217,1217,BUY,6445000,1971
1678731000218,1218,SELL,6513000,326
1678731000219,1219,BUY,6513000,193
1678731000220,1220,BUY,6494000,386
1678731000221,1221,SELL,6497000,3462
1678731000222,1222,SELL,6575000,3634
1678731000223,1223,SELL,6515000,3788
1678731000224,1224,SELL,6484000,1033
1678731000225,1225,BUY,6420000,1264
1678731000226,1226,SELL,6431000,4393
1678731000227,1227,SELL,6526000,3788
1678731000228,1228,SELL,6458000,120
1678731000229,1229,SELL,6484000,2496
1678731000230,1230,SELL,6505000,1546
1678731000231,1231,SELL,6577000,4084
1678731000232,1232,SELL,6551000,3961
1678731000233,1233,BUY,6508000,2954
1678731000234,1234,BUY,6574000,4027
1678731000235,1235,BUY,6543000,4517
1678731000236,1236,BUY,6413000,2779
1678731000237,1237,BUY,6572000,464
1678731000238,1238,SELL,6510000,2260
1678731000239,1239,SELL,6391000,4554
1678731000240,1240,BUY,6549000,3491
1678731000241,1241,SELL,6516000,3985
1678731000242,1242,BUY,6499000,3847
1678731000243,1243,BUY,6539000,340
1678731000244,1244,BUY,6499000,1743
1678731000245,1245,BUY,6520000,1053
1678731000246,1246,SELL,6493000,2691
1678731000247,1247,BUY,6496000,2306
1678731000248,1248,BUY,6444000,3486
1678731000249,1249,BUY,6524000,2064
1678731000250,1250,SELL,6602000,4866
1678731000251,1251,BUY,6484000,3014
1678731000252,1252,BUY,6459000,168
1678731000253,1253,BUY,6472000,2748
1678731000254,1254,BUY,6428000,4473
1678731000255,1255,BUY,6490000,652
1678731000256,1256,SELL,6494000,470
1678731000257,1257,SELL,6502000,2411
1678731000258,1258,SELL,6542000,431
1678731000259,1259,SELL,6468000,2991
1678731000260,1260,BUY,6472000,4621
1678731000261,1261,BUY,6438000,1188
1678731000262,1262,SELL,6468000,3606
1678731000263,1263,SELL,6390000,321
1678731000264,1264,BUY,6542000,3439
1678731000265,1265,SELL,6450000,4224
1678731000266,1266,SELL,6451000,4338
1678731000267,1267,BUY,6503000,1777
1678731000268,1268,SELL,6459000,3690
1678731000269,1269,BUY,6454000,919
1678731000270,1270,BUY,6446000,455
1678731000271,1271,BUY,6467000,2681
1678731000272,1272,BUY,6510000,2375
1678731000273,1273,SELL,6545000,1782
1678731000274,1274,SELL,6456000,2925
1678731000275,1275,SELL,6499000,3687
1678731000276,1276,SELL,6477000,2827
1678731000277,1277,BUY,6579000,1900
1678731000278,1278,BUY,6569000,3042
1678731000279,1279,SELL,6434000,1229
1678731000280,1280,BUY,6501000,4670
1678731000281,1281,BUY,6506000,47
1678731000282,1282,BUY,6477000,2444
1678731000283,1283,BUY,6468000,4256
1678731000284,1284,BUY,6458000,287
1678731000285,1285,SELL,6472000,4213
1678731000286,1286,BUY,6374000,3488
1678731000287,1287,SELL,6534000,4987
1678731000288,1288,BUY,6519000,4588
1678731000289,1289,SELL,6495000,36
1678731000290,1290,SELL,6463000,3617
1678731000291,1291,SELL,6473000,4106
1678731000292,1292,SELL,6602000,2388
1678731000293,1293,BUY,6580000,4195
1678731000294,1294,SELL,6471000,3558
1678731000295,1295,BUY,6449000,1005
1678731000296,1296,SELL,6477000,3539
1678731000297,1297,SELL,6484000,3841
1678731000298,1298,BUY,6443000,4661
1678731000299,1299,BUY,6513000,1610
1678731000300,1300,SELL,6492000,2277
1678731000301,1301,BUY,6479000,2748
1678731000302,1302,BUY,6469000,702
1678731000303,1303,SELL,6538000,23
1678731000304,1304,SELL,6463000,3035
1678731000305,1305,BUY,6621000,3974
1678731000306,1306,BUY,6508000,1033
1678731000307,1307,BUY,6504000,1902
1678731000308,1308,BUY,6524000,250
1678731000309,1309,SELL,6579000,3910
1678731000310,1310,BUY,6470000,4000
1678731000311,1311,BUY,6529000,4128
1678731000312,1312,BUY,6527000,3173
1678731000313,1313,SELL,6551000,4541
1678731000314,1314,BUY,6486000,3418
1678731000315,1315,SELL,6547000,2265
1678731000316,1316,BUY,6466000,3124
1678731000317,1317,BUY,6388000,2704
1678731000318,1318,SELL,6420000,1783
1678731000319,1319,SELL,6500000,1963
1678731000320,1320,BUY,6544000,1153
1678731000321,1321,SELL,6504000,2719
1678731000322,1322,BUY,6508000,3656
1678731000323,1323,BUY,6528000,3472
1678731000324,1324,BUY,6525000,2482
1678731000325,1325,SELL,6562000,3710
1678731000326,1326,SELL,6475000,3765
1678731000327,1327,BUY,6520000,3538
1678731000328,1328,BUY,6575000,2475
1678731000329,1329,SELL,6520000,3776
1678731000330,1330,BUY,6564000,2704
1678731000331,1331,BUY,6477000,2437
1678731000332,1332,BUY,6548000,70
1678731000333,1333,SELL,6548000,2996
1678731000334,1334,SELL,6418000,2999
1678731000335,1335,BUY,6514000,4136
1678731000336,1336,BUY,6508000,1144
1678731000337,1337,BUY,6541000,2124
1678731000338,1338,BUY,6509000,513
1678731000339,1339,SELL,6632000,1287
1678731000340,1340,BUY,6589000,3953
1678731000341,1341,SELL,6529000,124
1678731000342,1342,SELL,6512000,1878
1678731000343,1343,SELL,6443000,353
1678731000344,1344,BUY,6509000,4204
1678731000345,1345,SELL,6505000,4555
1678731000346,1346,BUY,6626000,3044
1678731000347,1347,BUY,6526000,1903
1678731000348,1348,BUY,6553000,3941
1678731000349,1349,BUY,6470000,3023
1678731000350,1350,BUY,6542000,4319
1678731000351,1351,SELL,6383000,4616
1678731000352,1352,BUY,6563000,4594
1678731000353,1353,BUY,6459000,2940
1678731000354,1354,BUY,6443000,1248
1678731000355,1355,BUY,6492000,2892
1678731000356,1356,BUY,6540000,1564
1678731000357,1357,BUY,6492000,3905
1678731000358,1358,SELL,6449000,4878
1678731000359,1359,SELL,6525000,2300
1678731000360,1360,BUY,6460000,2680
1678731000361,1361,SELL,6491000,930
1678731000362,1362,SELL,6466000,1993
1678731000363,1363,SELL,6507000,2140
1678731000364,1364,BUY,6494000,2346
1678731000365,1365,BUY,6507000,3129
1678731000366,1366,BUY,6628000,2941
1678731000367,1367,BUY,6444000,1477
1678731000368,1368,SELL,6569000,2677
1678731000369,1369,BUY,6367000,2411
1678731000370,1370,BUY,6441000,523
1678731000371,1371,BUY,6510000,1678
1678731000372,1372,SELL,6492000,1369
1678731000373,1373,BUY,6526000,4489
1678731000374,1374,SELL,6481000,4895
1678731000375,1375,BUY,6496000,4201
1678731000376,1376,SELL,6495000,2763
1678731000377,1377,BUY,6501000,1277
1678731000378,1378,BUY,6504000,2852
1678731000379,1379,BUY,6493000,4439
1678731000380,1380,SELL,6482000,4029
1678731000381,1381,BUY,6488000,4944
1678731000382,1382,SELL,6511000,4814
1678731000383,1383,BUY,6512000,4723
1678731000384,1384,SELL,6467000,1627
1678731000385,1385,SELL,6453000,443
1678731000386,1386,BUY,6416000,3523
1678731000387,1387,SELL,6588000,4554
1678731000388,1388,SELL,6437000,4128
1678731000389,1389,BUY,6459000,1822
1678731000390,1390,SELL,6537000,1732
1678731000391,1391,BUY,6429000,3872
1678731000392,1392,SELL,6412000,1105
1678731000393,1393,SELL,6472000,4873
1678731000394,1394,SELL,6548000,2361
1678731000395,1395,SELL,6498000,918
1678731000396,1396,BUY,6607000,2019
1678731000397,1397,BUY,6533000,1098
1678731000398,1398,BUY,6435000,3459
1678731000399,1399,BUY,6505000,3419
1678731000400,1400,BUY,6418000,345
1678731000401,1401,SELL,6527000,2032
1678731000402,1402,SELL,6476000,541
1678731000403,1403,BUY,6526000,708
1678731000404,1404,BUY,6581000,3169
1678731000405,1405,SELL,6578000,2476
1678731000406,1406,BUY,6492000,2028
1678731000407,1407,BUY,6540000,3857
1678731000408,1408,SELL,6482000,460
1678731000409,1409,SELL,6509000,3857
1678731000410,1410,BUY,6423000,2192
1678731000411,1411,BUY,6460000,4579
1678731000412,1412,SELL,6528000,4747
1678731000413,1413,BUY,6412000,1989
1678731000414,1414,SELL,6504000,2424
1678731000415,1415,BUY,6508000,1357
1678731000416,1416,BUY,6530000,4210
1678731000417,1417,BUY,6424000,4234
1678731000418,1418,BUY,6415000,3121
1678731000419,1419,SELL,6549000,2376
1678731000420,1420,BUY,6508000,2070
1678731000421,1421,BUY,6483000,3528
1678731000422,1422,SELL,6422000,388
1678731000423,1423,SELL,6479000,398
1678731000424,1424,SELL,6445000,36
1678731000425,1425,SELL,6546000,524
1678731000426,1426,BUY,6434000,442
1678731000427,1427,SELL,6488000,4792
1678731000428,1428,SELL,6540000,3798
1678731000429,1429,SELL,6530000,3623
1678731000430,1430,SELL,6477000,4518
1678731000431,1431,BUY,6531000,3237
1678731000432,1432,BUY,6540000,1571
1678731000433,1433,BUY,6506000,611
1678731000434,1434,SELL,6522000,585
1678731000435,1435,SELL,6489000,2115
1678731000436,1436,SELL,6556000,283
1678731000437,1437,SELL,6495000,2281
1678731000438,1438,BUY,6429000,2808
1678731000439,1439,BUY,6525000,2410
1678731000440,1440,BUY,6447000,2211
1678731000441,1441,SELL,6563000,2028
1678731000442,1442,BUY,6520000,2697
1678731000443,1443,SELL,6403000,3312
1678731000444,1444,BUY,6543000,2140
1678731000445,1445,SELL,6514000,4385
1678731000446,1446,BUY,6535000,4664
1678731000447,1447,SELL,6502000,359
1678731000448,1448,SELL,6561000,451
1678731000449,1449,BUY,6465000,197
1678731000450,1450,BUY,6545000,1365
1678731000451,1451,SELL,6515000,1997
1678731000452,1452,SELL,6415000,2617
1678731000453,1453,SELL,6412000,3664
1678731000454,1454,BUY,6484000,1492
1678731000455,1455,BUY,6459000,4266
1678731000456,1456,BUY,6403000,1964
1678731000457,1457,SELL,6439000,631
1678731000458,1458,BUY,6491000,4912
1678731000459,1459,SELL,6458000,4423
1678731000460,1460,SELL,6615000,4947
1678731000461,1461,BUY,6466000,3720
1678731000462,1462,SELL,6558000,4155
1678731000463,1463,SELL,6581000,610
1678731000464,1464,BUY,6474000,193
1678731000465,1465,BUY,6470000,4787
1678731000466,1466,SELL,6475000,3153
1678731000467,1467,SELL,6491000,1089
1678731000468,1468,SELL,6481000,2581
1678731000469,1469,SELL,6441000,2461
1678731000470,1470,SELL,6517000,2322
1678731000471,1471,BUY,6481000,3119
1678731000472,1472,BUY,6617000,4476
1678731000473,1473,SELL,6546000,4302
1678731000474,1474,BUY,6481000,1372
1678731000475,1475,BUY,6529000,2389
1678731000476,1476,SELL,6527000,4659
1678731000477,1477,SELL,6554000,3679
1678731000478,1478,BUY,6412000,35
1678731000479,1479,BUY,6437000,3482
1678731000480,1480,SELL,6457000,4811
1678731000481,1481,BUY,6499000,556
1678731000482,1482,SELL,6325000,2585
1678731000483,1483,SELL,6456000,4534
1678731000484,1484,SELL,6566000,2724
1678731000485,1485,SELL,6443000,4324
1678731000486,1486,BUY,6512000,4342
1678731000487,1487,SELL,6515000,1234
1678731000488,1488,SELL,6520000,1677
1678731000489,1489,SELL,6535000,1201
1678731000490,1490,SELL,6550000,3498
1678731000491,1491,SELL,6576000,954
1678731000492,1492,BUY,6481000,1151
1678731000493,1493,SELL,6458000,4545
1678731000494,1494,BUY,6520000,3786
1678731000495,1495,SELL,6520000,1301
1678731000496,1496,BUY,6540000,1639
1678731000497,1497,SELL,6425000,2804
1678731000498,1498,SELL,6537000,55
1678731000499,1499,SELL,6432000,4096
1678731000500,1500,SELL,6513000,101
1678731000501,1501,SELL,6479000,2167
1678731000502,1502,SELL,6560000,905
1678731000503,1503,SELL,6427000,3771
1678731000504,1504,BUY,6508000,3857
1678731000505,1505,BUY,6520000,4737
1678731000506,1506,BUY,6481000,3546
1678731000507,1507,SELL,6508000,2373
1678731000508,1508,BUY,6475000,4264
1678731000509,1509,SELL,6506000,4951
1678731000510,1510,SELL,6518000,1924
1678731000511,1511,BUY,6473000,337
1678731000512,1512,BUY,6493000,4096
1678731000513,1513,SELL,6398000,1270
1678731000514,1514,SELL,6414000,2348
1678731000515,1515,SELL,6479000,4723
1678731000516,1516,BUY,6438000,2640
1678731000517,1517,SELL,6491000,4132
1678731000518,1518,SELL,6556000,665
1678731000519,1519,BUY,6565000,4342
1678731000520,1520,SELL,6488000,3659
1678731000521,1521,SELL,6442000,4549
1678731000522,1522,BUY,6438000,3803
1678731000523,1523,BUY,6583000,2217
1678731000524,1524,SELL,6544000,3625
1678731000525,1525,BUY,6489000,3732
1678731000526,1526,BUY,6503000,3578
1678731000527,1527,BUY,6488000,2818
1678731000528,1528,SELL,6525000,804
1678731000529,1529,BUY,6498000,1026
1678731000530,1530,SELL,6535000,2274
1678731000531,1531,SELL,6536000,2656
1678731000532,1532,SELL,6452000,1478
1678731000533,1533,BUY,6516000,4560
1678731000534,1534,SELL,6562000,2316
1678731000535,1535,BUY,6524000,16
1678731000536,1536,BUY,6518000,1245
1678731000537,1537,BUY,6462000,2797
1678731000538,1538,BUY,6462000,3261
1678731000539,1539,SELL,6499000,1636
1678731000540,1540,BUY,6468000,4922
1678731000541,1541,BUY,6549000,756
1678731000542,1542,BUY,6491000,1984
1678731000543,1543,BUY,6465000,4874
1678731000544,1544,SELL,6551000,3788
1678731000545,1545,SELL,6445000,4764
1678731000546,1546,SELL,6498000,3749
1678731000547,1547,BUY,6471000,738
1678731000548,1548,BUY,6620000,1059
1678731000549,1549,SELL,6498000,1736
1678731000550,1550,SELL,6456000,4414
1678731000551,1551,BUY,6501000,421
1678731000552,1552,BUY,6491000,1617
1678731000553,1553,BUY,6463000,4888
1678731000554,1554,SELL,6549000,4109
1678731000555,1555,BUY,6531000,215
1678731000556,1556,BUY,6513000,629
1678731000557,1557,SELL,6460000,4483
1678731000558,1558,BUY,6590000,4677
1678731000559,1559,SELL,6517000,4738
1678731000560,1560,SELL,6471000,3065
1678731000561,1561,SELL,6554000,2427
1678731000562,1562,BUY,6505000,2992
1678731000563,1563,SELL,6547000,3922
1678731000564,1564,BUY,6520000,828
1678731000565,1565,SELL,6609000,2199
1678731000566,1566,BUY,6448000,4361
1678731000567,1567,SELL,6473000,2174
1678731000568,1568,SELL,6648000,114
1678731000569,1569,SELL,6495000,3270
1678731000570,1570,BUY,6443000,2022
1678731000571,1571,SELL,6528000,1110
1678731000572,1572,BUY,6554000,4805
1678731000573,1573,SELL,6494000,2085
1678731000574,1574,SELL,6406000,3680
1678731000575,1575,BUY,6454000,3841
1678731000576,1576,SELL,6421000,156
1678731000577,1577,SELL,6600000,1984
1678731000578,1578,BUY,6418000,4961
1678731000579,1579,SELL,6471000,1426
1678731000580,1580,SELL,6526000,2334
1678731000581,1581,SELL,6437000,4182
1678731000582,1582,SELL,6520000,2032
1678731000583,1583,SELL,6465000,3013
1678731000584,1584,BUY,6516000,355
1678731000585,1585,BUY,6485000,2191
1678731000586,1586,BUY,6492000,2969
1678731000587,1587,SELL,6553000,2901
1678731000588,1588,BUY,6442000,3264
1678731000589,1589,BUY,6515000,1567
1678731000590,1590,SELL,6540000,55
1678731000591,1591,BUY,6437000,2946
1678731000592,1592,SELL,6422000,4420
1678731000593,1593,BUY,6486000,2216
1678731000594,1594,BUY,6395000,3350
1678731000595,1595,SELL,6512000,737
1678731000596,1596,BUY,6532000,4744
1678731000597,1597,SELL,6430000,1270
1678731000598,1598,BUY,6542000,2672
1678731000599,1599,BUY,6561000,3911
1678731000600,1600,SELL,6518000,4323
1678731000601,1601,SELL,6564000,2795
1678731000602,1602,BUY,6483000,4934
1678731000603,1603,BUY,6472000,623
1678731000604,1604,SELL,6493000,908
1678731000605,1605,SELL,6448000,451
1678731000606,1606,BUY,6470000,3444
1678731000607,1607,BUY,6500000,1993
1678731000608,1608,SELL,6506000,4866
1678731000609,1609,SELL,6522000,2905
1678731000610,1610,BUY,6394000,1720
1678731000611,1611,SELL,6646000,2666
1678731000612,1612,BUY,6453000,3667
1678731000613,1613,SELL,6532000,820
1678731000614,1614,SELL,6513000,789
1678731000615,1615,BUY,6467000,1180
1678731000616,1616,SELL,6527000,3312
1678731000617,1617,SELL,6454000,4894
1678731000618,1618,SELL,6498000,1228
1678731000619,1619,SELL,6600000,4156
1678731000620,1620,SELL,6477000,574
1678731000621,1621,SELL,6503000,3980
1678731000622,1622,SELL,6446000,4705
1678731000623,1623,SELL,6533000,4136
1678731000624,1624,BUY,6461000,1749
1678731000625,1625,SELL,6514000,805
1678731000626,1626,SELL,6550000,3765
1678731000627,1627,SELL,6487000,461
1678731000628,1628,SELL,6528000,3256
1678731000629,1629,BUY,6517000,3829
1678731000630,1630,BUY,6552000,4508
1678731000631,1631,SELL,6528000,4391
1678731000632,1632,SELL,6564000,1884
1678731000633,1633,BUY,6486000,1491
1678731000634,1634,SELL,6436000,2822
1678731000635,1635,SELL,6417000,1908
1678731000636,1636,BUY,6422000,2733
1678731000637,1637,BUY,6484000,2228
1678731000638,1638,BUY,6508000,850
1678731000639,1639,SELL,6464000,3217
1678731000640,1640,SELL,6387000,2716
1678731000641,1641,SELL,6465000,4758
1678731000642,1642,SELL,6477000,4071
1678731000643,1643,BUY,6499000,553
1678731000644,1644,BUY,6572000,1238
1678731000645,1645,SELL,6408000,2389
1678731000646,1646,SELL,6533000,3737
1678731000647,1647,SELL,6528000,3581
1678731000648,1648,SELL,6487000,3277
1678731000649,1649,SELL,6519000,1906
1678731000650,1650,BUY,6490000,981
1678731000651,1651,BUY,6527000,840
1678731000652,1652,BUY,6456000,3354
1678731000653,1653,BUY,6450000,4649
1678731000654,1654,SELL,6404000,457
1678731000655,1655,SELL,6519000,3591
1678731000656,1656,SELL,6469000,4118
1678731000657,1657,BUY,6420000,2617
1678731000658,1658,BUY,6451000,4001
1678731000659,1659,SELL,6527000,931
1678731000660,1660,SELL,6508000,934
1678731000661,1661,BUY,6453000,4590
1678731000662,1662,SELL,6569000,4081
1678731000663,1663,SELL,6496000,1874
1678731000664,1664,BUY,6523000,22
1678731000665,1665,SELL,6506000,3194
1678731000666,1666,SELL,6485000,3971
1678731000667,1667,BUY,6520000,3237
1678731000668,1668,SELL,6557000,4531
1678731000669,1669,SELL,6484000,3852
1678731000670,1670,BUY,6537000,1517
1678731000671,1671,BUY,6464000,3663
1678731000672,1672,SELL,6590000,4050
1678731000673,1673,BUY,6458000,3836
1678731000674,1674,SELL,6611000,773
1678731000675,1675,BUY,6438000,1184
1678731000676,1676,SELL,6482000,2681
1678731000677,1677,BUY,6522000,900
1678731000678,1678,BUY,6561000,1039
1678731000679,1679,SELL,6581000,3194
1678731000680,1680,BUY,6572000,301
1678731000681,1681,BUY,6415000,717
1678731000682,1682,SELL,6520000,3383
1678731000683,1683,BUY,6461000,2219
1678731000684,1684,BUY,6548000,88
1678731000685,1685,SELL,6555000,1712
1678731000686,1686,BUY,6515000,1693
1678731000687,1687,SELL,6473000,4529
1678731000688,1688,BUY,6444000,1724
1678731000689,1689,BUY,6464000,3090
1678731000690,1690,BUY,6462000,3351
1678731000691,1691,SELL,6501000,359
1678731000692,1692,BUY,6551000,2968
1678731000693,1693,SELL,6505000,3404
1678731000694,1694,SELL,6441000,959
1678731000695,1695,SELL,6438000,271
1678731000696,1696,SELL,6534000,4978
1678731000697,1697,SELL,6597000,2237
1678731000698,1698,BUY,6504000,453
1678731000699,1699,SELL,6465000,4809
1678731000700,1700,BUY,6450000,860
1678731000701,1701,SELL,6531000,2053
1678731000702,1702,BUY,6579000,16
1678731000703,1703,BUY,6484000,1511
1678731000704,1704,SELL,6473000,4872
1678731000705,1705,BUY,6429000,109
1678731000706,1706,SELL,6503000,1226
1678731000707,1707,SELL,6539000,3361
1678731000708,1708,SELL,6462000,3942
1678731000709,1709,SELL,6511000,4325
1678731000710,1710,BUY,6525000,805
1678731000711,1711,SELL,6529000,324
1678731000712,1712,BUY,6446000,1715
1678731000713,1713,BUY,6455000,1911
1678731000714,1714,BUY,6504000,2554
1678731000715,1715,BUY,6535000,4129
1678731000716,1716,BUY,6607000,4368
1678731000717,1717,SELL,6443000,817
1678731000718,1718,SELL,6512000,2837
1678731000719,1719,SELL,6499000,1961
1678731000720,1720,BUY,6478000,3375
1678731000721,1721,SELL,6558000,2667
1678731000722,1722,SELL,6528000,1068
1678731000723,1723,BUY,6529000,4096
1678731000724,1724,BUY,6440000,777
1678731000725,1725,SELL,6482000,1126
1678731000726,1726,BUY,6502000,4665
1678731000727,1727,SELL,6508000,2880
1678731000728,1728,BUY,6623000,4493
1678731000729,1729,SELL,6484000,4149
1678731000730,1730,BUY,6373000,4128
1678731000731,1731,BUY,6503000,3335
1678731000732,1732,BUY,6525000,619
1678731000733,1733,BUY,6502000,2976
1678731000734,1734,BUY,6355000,1396
1678731000735,1735,BUY,6514000,4259
1678731000736,1736,SELL,6527000,3017
1678731000737,1737,SELL,6435000,1830
1678731000738,1738,BUY,6465000,2428
1678731000739,1739,SELL,6496000,3774
1678731000740,1740,BUY,6471000,382
1678731000741,1741,BUY,6479000,3916
1678731000742,1742,BUY,6515000,3461
1678731000743,1743,BUY,6468000,3094
1678731000744,1744,SELL,6423000,877
1678731000745,1745,SELL,6545000,3282
1678731000746,1746,SELL,6447000,3963
1678731000747,1747,SELL,6489000,2030
1678731000748,1748,BUY,6474000,2632
1678731000749,1749,BUY,6441000,2413
1678731000750,1750,SELL,6543000,4820
1678731000751,1751,BUY,6538000,1250
1678731000752,1752,BUY,6480000,3954
1678731000753,1753,BUY,6499000,2915
1678731000754,1754,SELL,6505000,3099
1678731000755,1755,BUY,6444000,1624
1678731000756,1756,BUY,6450000,1336
1678731000757,1757,SELL,6498000,3234
1678731000758,1758,BUY,6440000,4325
1678731000759,1759,BUY,6497000,1225
1678731000760,1760,SELL,6384000,3074
1678731000761,1761,BUY,6477000,4300
1678731000762,1762,BUY,6514000,674
1678731000763,1763,SELL,6510000,519
1678731000764,1764,SELL,6557000,4047
1678731000765,1765,BUY,6443000,391
1678731000766,1766,BUY,6495000,4128
1678731000767,1767,SELL,6546000,2482
1678731000768,1768,SELL,6513000,1142
1678731000769,1769,SELL,6539000,4448
1678731000770,1770,BUY,6440000,537
1678731000771,1771,SELL,6503000,4942
1678731000772,1772,SELL,6488000,199
1678731000773,1773,BUY,6504000,3734
1678731000774,1774,SELL,6459000,2315
1678731000775,1775,BUY,6564000,4959
1678731000776,1776,BUY,6534000,3922
1678731000777,1777,BUY,6557000,1781
1678731000778,1778,BUY,6514000,4155
1678731000779,1779,SELL,6464000,352
1678731000780,1780,BUY,6530000,4881
1678731000781,1781,BUY,6565000,3340
1678731000782,1782,BUY,6514000,1311
1678731000783,1783,SELL,6453000,355
1678731000784,1784,SELL,6470000,4481
1678731000785,1785,SELL,6501000,1618
1678731000786,1786,SELL,6572000,4603
1678731000787,1787,SELL,6589000,2609
1678731000788,1788,SELL,6457000,228
1678731000789,1789,BUY,6517000,563
1678731000790,1790,SELL,6470000,1886
1678731000791,1791,BUY,6435000,2755
1678731000792,1792,BUY,6528000,1376
1678731000793,1793,BUY,6507000,4643
1678731000794,1794,BUY,6510000,73
1678731000795,1795,SELL,6491000,4963
1678731000796,1796,BUY,6515000,4398
1678731000797,1797,SELL,6513000,1299
1678731000798,1798,SELL,6541000,1113
1678731000799,1799,BUY,6459000,4893
1678731000800,1800,SELL,6544000,911
1678731000801,1801,SELL,6536000,278
1678731000802,1802,BUY,6516000,1354
1678731000803,1803,SELL,6501000,2702
1678731000804,1804,BUY,6495000,3430
1678731000805,1805,SELL,6495000,468
1678731000806,1806,SELL,6501000,762
1678731000807,1807,SELL,6425000,1718
1678731000808,1808,SELL,6615000,3720
1678731000809,1809,SELL,6553000,3064
1678731000810,1810,BUY,6590000,477
1678731000811,1811,SELL,6531000,2890
1678731000812,1812,SELL,6468000,812
1678731000813,1813,BUY,6523000,2795
1678731000814,1814,BUY,6541000,4409
1678731000815,1815,SELL,6453000,1397
1678731000816,1816,BUY,6564000,3291
1678731000817,1817,BUY,6478000,1561
1678731000818,1818,SELL,6535000,3079
1678731000819,1819,BUY,6572000,3443
1678731000820,1820,BUY,6513000,2626
1678731000821,1821,BUY,6572000,4242
1678731000822,1822,SELL,6427000,3784
1678731000823,1823,BUY,6444000,4212
1678731000824,1824,BUY,6459000,3221
1678731000825,1825,SELL,6395000,3904
1678731000826,1826,SELL,6415000,3319
1678731000827,1827,BUY,6572000,19
1678731000828,1828,SELL,6558000,1944
1678731000829,1829,BUY,6471000,2018
1678731000830,1830,SELL,6610000,3620
1678731000831,1831,BUY,6485000,529
1678731000832,1832,SELL,6593000,273
1678731000833,1833,SELL,6594000,2438
1678731000834,1834,SELL,6468000,124
1678731000835,1835,SELL,6541000,1617
1678731000836,1836,BUY,6555000,4911
1678731000837,1837,SELL,6467000,1057
1678731000838,1838,SELL,6361000,1873
1678731000839,1839,BUY,6540000,620
1678731000840,1840,BUY,6457000,1863
1678731000841,1841,BUY,6493000,322
1678731000842,1842,SELL,6509000,875
1678731000843,1843,BUY,6528000,3192
1678731000844,1844,SELL,6482000,3433
1678731000845,1845,BUY,6513000,4956
1678731000846,1846,SELL,6559000,4753
1678731000847,1847,SELL,6403000,1022
1678731000848,1848,BUY,6429000,834
1678731000849,1849,BUY,6441000,3504
1678731000850,1850,BUY,6473000,3492
1678731000851,1851,SELL,6538000,4649
1678731000852,1852,BUY,6551000,1891
1678731000853,1853,SELL,6490000,2314
1678731000854,1854,BUY,6490000,4688
1678731000855,1855,BUY,6569000,3533
1678731000856,1856,BUY,6510000,4521
1678731000857,1857,BUY,6481000,4548
1678731000858,1858,BUY,6545000,295
1678731000859,1859,BUY,6538000,1134
1678731000860,1860,SELL,6519000,4614
1678731000861,1861,SELL,6471000,2366
1678731000862,1862,SELL,6451000,1386
1678731000863,1863,BUY,6455000,1385
1678731000864,1864,SELL,6457000,1862
1678731000865,1865,SELL,6453000,2150
1678731000866,1866,BUY,6473000,242
1678731000867,1867,BUY,6499000,3102
1678731000868,1868,SELL,6505000,1583
1678731000869,1869,BUY,6443000,3862
1678731000870,1870,BUY,6512000,648
1678731000871,1871,SELL,6504000,4412
1678731000872,1872,SELL,6494000,3941
1678731000873,1873,BUY,6469000,3126
1678731000874,1874,SELL,6444000,964
1678731000875,1875,SELL,6528000,1698
1678731000876,1876,BUY,6503000,4838
1678731000877,1877,BUY,6517000,923
1678731000878,1878,BUY,6478000,2096
1678731000879,1879,BUY,6472000,453
1678731000880,1880,SELL,6550000,4903
1678731000881,1881,BUY,6633000,1145
1678731000882,1882,SELL,6485000,3961
1678731000883,1883,SELL,6507000,2749
1678731000884,1884,SELL,6495000,4236
1678731000885,1885,BUY,6458000,2149
1678731000886,1886,BUY,6477000,4312
1678731000887,1887,BUY,6600000,2306
1678731000888,1888,SELL,6464000,3937
1678731000889,1889,SELL,6503000,568
1678731000890,1890,SELL,6467000,3972
1678731000891,1891,SELL,6497000,2491
1678731000892,1892,BUY,6464000,2729
1678731000893,1893,BUY,6474000,3795
1678731000894,1894,SELL,6427000,640
1678731000895,1895,SELL,6504000,3302
1678731000896,1896,SELL,6481000,4734
1678731000897,1897,BUY,6525000,2805
1678731000898,1898,SELL,6496000,1725
1678731000899,1899,SELL,6463000,1419
1678731000900,1900,SELL,6451000,1866
1678731000901,1901,SELL,6499000,2264
1678731000902,1902,SELL,6565000,2211
1678731000903,1903,SELL,6471000,986
1678731000904,1904,BUY,6408000,1790
1678731000905,1905,SELL,6510000,3790
1678731000906,1906,SELL,6559000,3217
1678731000907,1907,BUY,6526000,987
1678731000908,1908,SELL,6439000,2243
1678731000909,1909,SELL,6505000,2794
1678731000910,1910,SELL,6541000,1822
1678731000911,1911,SELL,6478000,4487
1678731000912,1912,BUY,6472000,1825
1678731000913,1913,SELL,6474000,3666
1678731000914,1914,SELL,6490000,3995
1678731000915,1915,SELL,6441000,4840
1678731000916,1916,BUY,6509000,3701
1678731000917,1917,SELL,6512000,1605
1678731000918,1918,SELL,6513000,621
1678731000919,1919,SELL,6497000,3629
1678731000920,1920,SELL,6440000,657
1678731000921,1921,BUY,6487000,3438
1678731000922,1922,SELL,6589000,4117
1678731000923,1923,SELL,6511000,1056
1678731000924,1924,BUY,6459000,1691
1678731000925,1925,SELL,6529000,1489
1678731000926,1926,SELL,6590000,3801
1678731000927,1927,BUY,6517000,4941
1678731000928,1928,BUY,6491000,1577
1678731000929,1929,BUY,6565000,1279
1678731000930,1930,BUY,6475000,2632
1678731000931,1931,BUY,6549000,1229
1678731000932,1932,SELL,6471000,4528
1678731000933,1933,BUY,6479000,3701
1678731000934,1934,BUY,6538000,2183
1678731000935,1935,SELL,6562000,2891
1678731000936,1936,BUY,6494000,4221
1678731000937,1937,SELL,6561000,1277
1678731000938,1938,SELL,6518000,540
1678731000939,1939,BUY,6460000,1581
1678731000940,1940,SELL,6479000,4959
1678731000941,1941,SELL,6526000,372
1678731000942,1942,BUY,6568000,4334
1678731000943,1943,SELL,6550000,1085
1678731000944,1944,BUY,6551000,3799
1678731000945,1945,SELL,6434000,4519
1678731000946,1946,SELL,6536000,304
1678731000947,1947,SELL,6533000,4496
1678731000948,1948,BUY,6513000,10
1678731000949,1949,SELL,6532000,853
1678731000950,1950,BUY,6414000,1141
1678731000951,1951,SELL,6386000,1914
1678731000952,1952,SELL,6512000,4014
1678731000953,1953,BUY,6496000,2401
1678731000954,1954,BUY,6488000,646
1678731000955,1955,SELL,6521000,3542
1678731000956,1956,BUY,6509000,3500
1678731000957,1957,SELL,6515000,4199
1678731000958,1958,BUY,6544000,2668
1678731000959,1959,BUY,6473000,3179
1678731000960,1960,SELL,6516000,610
1678731000961,1961,SELL,6467000,351
1678731000962,1962,BUY,6405000,4125
1678731000963,1963,SELL,6485000,380
1678731000964,1964,BUY,6552000,2998
1678731000965,1965,BUY,6456000,331
1678731000966,1966,SELL,6521000,1659
1678731000967,1967,SELL,6544000,1708
1678731000968,1968,SELL,6536000,1433
1678731000969,1969,BUY,6467000,2152
1678731000970,1970,SELL,6463000,1269
1678731000971,1971,SELL,6501000,1109
1678731000972,1972,SELL,6513000,4344
1678731000973,1973,SELL,6532000,332
1678731000974,1974,SELL,6532000,3476
1678731000975,1975,BUY,6634000,420
1678731000976,1976,BUY,6573000,696
1678731000977,1977,SELL,6482000,1711
1678731000978,1978,SELL,6605000,4742
1678731000979,1979,SELL,6444000,2232
1678731000980,1980,SELL,6449000,3386
1678731000981,1981,SELL,6539000,667
1678731000982,1982,BUY,6487000,4855
1678731000983,1983,SELL,6379000,1321
1678731000984,1984,SELL,6573000,4920
1678731000985,1985,SELL,6530000,1352
1678731000986,1986,SELL,6494000,24
1678731000987,1987,BUY,6490000,208
1678731000988,1988,BUY,6488000,3116
1678731000989,1989,BUY,6396000,2354
1678731000990,1990,SELL,6455000,2959
1678731000991,1991,SELL,6466000,2690
1678731000992,1992,BUY,6554000,2198
1678731000993,1993,SELL,6471000,1100
1678731000994,1994,SELL,6518000,1396
1678731000995,1995,BUY,6490000,4086
1678731000996,1996,BUY,6455000,2663
1678731000997,1997,BUY,6513000,4401
1678731000998,1998,SELL,6499000,3381
1678731000999,1999,SELL,6553000,233
1678731001000,2000,SELL,6480000,834
1678731001001,2001,BUY,6467000,1955
1678731001002,2002,BUY,6541000,3358
1678731001003,2003,SELL,6490000,1298
1678731001004,2004,SELL,6546000,3595
1678731001005,2005,SELL,6472000,4771
1678731001006,2006,SELL,6507000,4360
1678731001007,2007,SELL,6469000,1291
1678731001008,2008,BUY,6458000,3317
1678731001009,2009,BUY,6389000,470
1678731001010,2010,BUY,6576000,4503
1678731001011,2011,BUY,6475000,2027
1678731001012,2012,BUY,6525000,2069
1678731001013,2013,SELL,6491000,3234
1678731001014,2014,SELL,6558000,2998
1678731001015,2015,BUY,6413000,2516
1678731001016,2016,SELL,6510000,780
1678731001017,2017,SELL,6537000,867
1678731001018,2018,SELL,6502000,4957
1678731001019,2019,BUY,6462000,4102
1678731001020,2020,BUY,6415000,2250
1678731001021,2021,BUY,6467000,431
1678731001022,2022,SELL,6402000,2338
1678731001023,2023,SELL,6536000,4086
1678731001024,2024,SELL,6523000,4261
1678731001025,2025,BUY,6542000,2025
1678731001026,2026,SELL,6452000,4310
1678731001027,2027,SELL,6445000,2956
1678731001028,2028,BUY,6526000,2256
1678731001029,2029,SELL,6524000,2901
1678731001030,2030,SELL,6409000,4450
1678731001031,2031,SELL,6465000,71
1678731001032,2032,BUY,6579000,1971
1678731001033,2033,SELL,6538000,2634
1678731001034,2034,BUY,6487000,3232
1678731001035,2035,BUY,6439000,233
1678731001036,2036,SELL,6451000,1705
1678731001037,2037,BUY,6478000,2591
1678731001038,2038,SELL,6429000,1935
1678731001039,2039,BUY,6560000,3961
1678731001040,2040,BUY,6555000,4238
1678731001041,2041,SELL,6440000,2660
1678731001042,2042,BUY,6594000,845
1678731001043,2043,BUY,6476000,4861
1678731001044,2044,BUY,6500000,2664
1678731001045,2045,SELL,6476000,687
1678731001046,2046,BUY,6445000,1983
1678731001047,2047,BUY,6481000,1573
1678731001048,2048,SELL,6409000,659
1678731001049,2049,SELL,6482000,4179
1678731001050,2050,BUY,6495000,2375
1678731001051,2051,SELL,6511000,2226
1678731001052,2052,SELL,6423000,4854
1678731001053,2053,BUY,6425000,3870
1678731001054,2054,SELL,6509000,2666
1678731001055,2055,SELL,6440000,850
1678731001056,2056,SELL,6489000,1787
1678731001057,2057,BUY,6561000,4136
1678731001058,2058,BUY,6436000,1183
1678731001059,2059,SELL,6456000,4155
1678731001060,2060,SELL,6548000,2919
1678731001061,2061,BUY,6408000,4999
1678731001062,2062,BUY,6489000,1044
1678731001063,2063,BUY,6616000,3914
1678731001064,2064,SELL,6514000,1636
1678731001065,2065,SELL,6544000,3965
1678731001066,2066,SELL,6477000,748
1678731001067,2067,BUY,6436000,4265
1678731001068,2068,BUY,6423000,670
1678731001069,2069,SELL,6512000,2969
1678731001070,2070,SELL,6513000,2298
1678731001071,2071,SELL,6588000,199
1678731001072,2072,BUY,6481000,298
1678731001073,2073,SELL,6514000,3407
1678731001074,2074,BUY,6493000,2569
1678731001075,2075,SELL,6441000,477
1678731001076,2076,BUY,6512000,1519
1678731001077,2077,BUY,6552000,2462
1678731001078,2078,BUY,6531000,2212
1678731001079,2079,BUY,6463000,3033
1678731001080,2080,SELL,6635000,3632
1678731001081,2081,SELL,6486000,4474
1678731001082,2082,SELL,6559000,3015
1678731001083,2083,SELL,6483000,2961
1678731001084,2084,SELL,6558000,1499
1678731001085,2085,SELL,6489000,1209
1678731001086,2086,BUY,6493000,163
1678731001087,2087,SELL,6550000,4858
1678731001088,2088,SELL,6597000,162
1678731001089,2089,SELL,6487000,4362
1678731001090,2090,SELL,6479000,3226
1678731001091,2091,BUY,6462000,4101
1678731001092,2092,SELL,6455000,2648
1678731001093,2093,SELL,6465000,3969
1678731001094,2094,BUY,6473000,21
1678731001095,2095,BUY,6542000,230
1678731001096,2096,SELL,6525000,354
1678731001097,2097,BUY,6535000,38
1678731001098,2098,SELL,6534000,4048
1678731001099,2099,SELL,6559000,4424
1678731001100,2100,SELL,6461000,2001
1678731001101,2101,BUY,6510000,3619
1678731001102,2102,BUY,6417000,132
1678731001103,2103,BUY,6418000,1537
1678731001104,2104,BUY,6505000,2890
1678731001105,2105,SELL,6493000,3492
1678731001106,2106,BUY,6501000,4346
1678731001107,2107,BUY,6530000,3412
1678731001108,2108,BUY,6572000,1218
1678731001109,2109,SELL,6500000,2396
1678731001110,2110,BUY,6491000,3338
1678731001111,2111,BUY,6464000,1063
1678731001112,2112,BUY,6543000,1469
1678731001113,2113,SELL,6468000,770
1678731001114,2114,BUY,6486000,2921
1678731001115,2115,BUY,6531000,4213
1678731001116,2116,BUY,6503000,178
1678731001117,2117,SELL,6501000,1081
1678731001118,2118,BUY,6457000,947
1678731001119,2119,SELL,6516000,3602
1678731001120,2120,SELL,6609000,4109
1678731001121,2121,SELL,6435000,2778
1678731001122,2122,BUY,6444000,2321
1678731001123,2123,SELL,6539000,1181
1678731001124,2124,SELL,6511000,2821
1678731001125,2125,SELL,6568000,608
1678731001126,2126,BUY,6463000,2013
1678731001127,2127,BUY,6544000,801
1678731001128,2128,BUY,6516000,3612
1678731001129,2129,BUY,6452000,1365
1678731001130,2130,SELL,6468000,3578
1678731001131,2131,BUY,6500000,2972
1678731001132,2132,SELL,6457000,4656
1678731001133,2133,BUY,6556000,4136
1678731001134,2134,BUY,6536000,4334
1678731001135,2135,BUY,6475000,2863
1678731001136,2136,SELL,6492000,2118
1678731001137,2137,SELL,6547000,1893
1678731001138,2138,BUY,6496000,2828
1678731001139,2139,BUY,6599000,4652
1678731001140,2140,SELL,6526000,4379
1678731001141,2141,SELL,6459000,922
1678731001142,2142,SELL,6447000,1352
1678731001143,2143,BUY,6552000,2382
1678731001144,2144,SELL,6478000,533
1678731001145,2145,BUY,6506000,2498
1678731001146,2146,SELL,6358000,2385
1678731001147,2147,BUY,6500000,563
1678731001148,2148,BUY,6429000,24
1678731001149,2149,BUY,6429000,4297
1678731001150,2150,SELL,6561000,2085
1678731001151,2151,SELL,6483000,3601
1678731001152,2152,BUY,6481000,3655
1678731001153,2153,SELL,6605000,3242
1678731001154,2154,BUY,6548000,189
1678731001155,2155,BUY,6580000,1980
1678731001156,2156,BUY,6563000,3688
1678731001157,2157,BUY,6540000,4874
1678731001158,2158,SELL,6577000,2346
1678731001159,2159,BUY,6461000,2900
1678731001160,2160,SELL,6456000,3338
1678731001161,2161,BUY,6429000,4119
1678731001162,2162,BUY,6412000,508
1678731001163,2163,SELL,6505000,3444
1678731001164,2164,BUY,6423000,4193
1678731001165,2165,BUY,6443000,3550
1678731001166,2166,BUY,6489000,3684
1678731001167,2167,BUY,6368000,1658
1678731001168,2168,SELL,6496000,3627
1678731001169,2169,BUY,6500000,4390
1678731001170,2170,SELL,6600000,3814
1678731001171,2171,BUY,6510000,2280
1678731001172,2172,SELL,6506000,666
1678731001173,2173,SELL,6577000,4287
1678731001174,2174,BUY,6488000,917
1678731001175,2175,BUY,6509000,2183
1678731001176,2176,BUY,6549000,3698
1678731001177,2177,SELL,6462000,1124
1678731001178,2178,BUY,6549000,2746
1678731001179,2179,SELL,6432000,4398
1678731001180,2180,SELL,6533000,1463
1678731001181,2181,BUY,6533000,1043
1678731001182,2182,BUY,6480000,3554
1678731001183,2183,BUY,6491000,4688
1678731001184,2184,BUY,6583000,308
1678731001185,2185,BUY,6494000,3362
1678731001186,2186,BUY,6526000,2811
1678731001187,2187,BUY,6502000,3887
1678731001188,2188,BUY,6466000,3103
1678731001189,2189,BUY,6470000,4482
1678731001190,2190,SELL,6519000,1388
1678731001191,2191,BUY,6570000,4909
1678731001192,2192,SELL,6435000,827
1678731001193,2193,SELL,6578000,3218
1678731001194,2194,BUY,6531000,1693
1678731001195,2195,BUY,6488000,3628
1678731001196,2196,BUY,6516000,3453
1678731001197,2197,BUY,6530000,3454
1678731001198,2198,BUY,6445000,2084
1678731001199,2199,SELL,6492000,1516
1678731001200,2200,SELL,6500000,4746
1678731001201,2201,SELL,6418000,4812
1678731001202,2202,BUY,6542000,3807
1678731001203,2203,BUY,6469000,2739
1678731001204,2204,SELL,6471000,2809
1678731001205,2205,BUY,6495000,4322
1678731001206,2206,BUY,6522000,1965
1678731001207,2207,BUY,6518000,3299
1678731001208,2208,SELL,6502000,1103
1678731001209,2209,BUY,6516000,2300
1678731001210,2210,BUY,6464000,1077
1678731001211,2211,SELL,6507000,75
1678731001212,2212,SELL,6527000,3664
1678731001213,2213,SELL,6470000,1782
1678731001214,2214,SELL,6501000,4765
1678731001215,2215,SELL,6528000,4836
1678731001216,2216,SELL,6495000,3868
1678731001217,2217,SELL,6437000,1557
1678731001218,2218,BUY,6569000,3909
1678731001219,2219,BUY,6558000,4802
1678731001220,2220,SELL,6499000,3019
1678731001221,2221,BUY,6578000,4179
1678731001222,2222,BUY,6530000,2764
1678731001223,2223,BUY,6489000,4026
1678731001224,2224,SELL,6465000,897
1678731001225,2225,SELL,6445000,2578
1678731001226,2226,SELL,6492000,1236
1678731001227,2227,BUY,6456000,2020
1678731001228,2228,BUY,6460000,4508
1678731001229,2229,BUY,6516000,777
1678731001230,2230,BUY,6432000,462
1678731001231,2231,SELL,6419000,172
1678731001232,2232,SELL,6505000,1385
1678731001233,2233,BUY,6529000,3114
1678731001234,2234,SELL,6520000,2874
1678731001235,2235,BUY,6421000,2084
1678731001236,2236,SELL,6464000,4388
1678731001237,2237,SELL,6470000,4873
1678731001238,2238,BUY,6423000,3762
1678731001239,2239,BUY,6501000,1151
1678731001240,2240,BUY,6510000,3401
1678731001241,2241,BUY,6490000,1132
1678731001242,2242,SELL,6422000,2821
1678731001243,2243,SELL,6599000,2143
1678731001244,2244,SELL,6459000,727
1678731001245,2245,BUY,6547000,2156
1678731001246,2246,SELL,6570000,4118
1678731001247,2247,BUY,6479000,4446
1678731001248,2248,BUY,6520000,1284
1678731001249,2249,BUY,6433000,1485
1678731001250,2250,BUY,6481000,3184
1678731001251,2251,BUY,6522000,1828
1678731001252,2252,BUY,6500000,2305
1678731001253,2253,BUY,6535000,484
1678731001254,2254,SELL,6476000,3637
1678731001255,2255,SELL,6547000,3872
1678731001256,2256,SELL,6452000,2583
1678731001257,2257,SELL,6521000,2322
1678731001258,2258,SELL,6471000,4656
1678731001259,2259,BUY,6416000,1965
1678731001260,2260,BUY,6534000,1817
1678731001261,2261,BUY,6372000,3619
1678731001262,2262,SELL,6463000,60
1678731001263,2263,BUY,6448000,2193
1678731001264,2264,BUY,6560000,2085
1678731001265,2265,SELL,6541000,3798
1678731001266,2266,BUY,6446000,4092
1678731001267,2267,SELL,6440000,1271
1678731001268,2268,SELL,6476000,1691
1678731001269,2269,SELL,6443000,4998
1678731001270,2270,SELL,6572000,756
1678731001271,2271,SELL,6413000,1910
1678731001272,2272,BUY,6590000,113
1678731001273,2273,BUY,6519000,1352
1678731001274,2274,SELL,6528000,3146
1678731001275,2275,BUY,6505000,2415
1678731001276,2276,BUY,6420000,3165
1678731001277,2277,SELL,6539000,658
1678731001278,2278,SELL,6501000,3546
1678731001279,2279,SELL,6452000,868
1678731001280,2280,BUY,6554000,500
1678731001281,2281,BUY,6549000,4020
1678731001282,2282,SELL,6554000,4254
1678731001283,2283,SELL,6546000,1729
1678731001284,2284,BUY,6473000,719
1678731001285,2285,BUY,6527000,1075
1678731001286,2286,BUY,6552000,3359
1678731001287,2287,SELL,6546000,2182
1678731001288,2288,SELL,6380000,2418
1678731001289,2289,BUY,6496000,2538
1678731001290,2290,SELL,6464000,90
1678731001291,2291,BUY,6572000,3913
1678731001292,2292,SELL,6496000,496
1678731001293,2293,BUY,6522000,2799
1678731001294,2294,SELL,6509000,2676
1678731001295,2295,SELL,6565000,2708
1678731001296,2296,BUY,6590000,2416
1678731001297,2297,SELL,6501000,601
1678731001298,2298,BUY,6512000,4763
1678731001299,2299,BUY,6569000,1141
1678731001300,2300,BUY,6444000,1589
1678731001301,2301,SELL,6449000,4084
1678731001302,2302,SELL,6467000,1571
1678731001303,2303,SELL,6538000,4678
1678731001304,2304,SELL,6503000,108
1678731001305,2305,BUY,6468000,1959
1678731001306,2306,BUY,6562000,4676
1678731001307,2307,BUY,6424000,2158
1678731001308,2308,SELL,6465000,1243
1678731001309,2309,SELL,6492000,1786
1678731001310,2310,BUY,6590000,3391
1678731001311,2311,BUY,6467000,369
1678731001312,2312,BUY,6527000,4911
1678731001313,2313,SELL,6492000,3927
1678731001314,2314,SELL,6440000,3907
1678731001315,2315,BUY,6526000,3929
1678731001316,2316,SELL,6485000,1633
1678731001317,2317,BUY,6473000,4707
1678731001318,2318,BUY,6433000,524
1678731001319,2319,SELL,6503000,2743
1678731001320,2320,BUY,6575000,957
1678731001321,2321,SELL,6469000,2915
1678731001322,2322,BUY,6444000,379
1678731001323,2323,BUY,6416000,3031
1678731001324,2324,BUY,6412000,3157
1678731001325,2325,BUY,6493000,2753
1678731001326,2326,SELL,6504000,2981
1678731001327,2327,BUY,6519000,869
1678731001328,2328,BUY,6495000,2158
1678731001329,2329,BUY,6509000,3482
1678731001330,2330,SELL,6574000,2771
1678731001331,2331,BUY,6562000,3212
1678731001332,2332,BUY,6559000,3364
1678731001333,2333,SELL,6550000,2922
1678731001334,2334,BUY,6532000,20
1678731001335,2335,SELL,6423000,878
1678731001336,2336,SELL,6489000,3864
1678731001337,2337,SELL,6513000,3130
1678731001338,2338,SELL,6456000,3141
1678731001339,2339,BUY,6584000,1934
1678731001340,2340,SELL,6483000,4699
1678731001341,2341,SELL,6418000,1110
1678731001342,2342,BUY,6480000,3700
1678731001343,2343,SELL,6521000,1081
1678731001344,2344,SELL,6456000,4452
1678731001345,2345,SELL,6492000,430
1678731001346,2346,SELL,6419000,4088
1678731001347,2347,BUY,6478000,2569
1678731001348,2348,SELL,6500000,1153
1678731001349,2349,SELL,6495000,2739
1678731001350,2350,SELL,6540000,1028
1678731001351,2351,BUY,6451000,3274
1678731001352,2352,BUY,6517000,4559
1678731001353,2353,BUY,6528000,157
1678731001354,2354,BUY,6465000,395
1678731001355,2355,BUY,6456000,4557
1678731001356,2356,BUY,6585000,1084
1678731001357,2357,SELL,6484000,2990
1678731001358,2358,SELL,6520000,1922
1678731001359,2359,SELL,6522000,2473
1678731001360,2360,SELL,6429000,1993
1678731001361,2361,SELL,6510000,2573
1678731001362,2362,SELL,6507000,1464
1678731001363,2363,BUY,6585000,3856
1678731001364,2364,BUY,6507000,4001
1678731001365,2365,SELL,6538000,1675
1678731001366,2366,BUY,6540000,4301
1678731001367,2367,SELL,6486000,184
1678731001368,2368,SELL,6607000,4370
1678731001369,2369,BUY,6462000,3194
1678731001370,2370,SELL,6419000,2680
1678731001371,2371,SELL,6398000,730
1678731001372,2372,SELL,6476000,2998
1678731001373,2373,BUY,6411000,1013
1678731001374,2374,BUY,6465000,2353
1678731001375,2375,BUY,6500000,151
1678731001376,2376,SELL,6512000,3568
1678731001377,2377,BUY,6481000,67
1678731001378,2378,SELL,6465000,568
1678731001379,2379,BUY,6475000,2587
1678731001380,2380,BUY,6527000,3737
1678731001381,2381,SELL,6448000,3606
1678731001382,2382,SELL,6465000,4031
1678731001383,2383,BUY,6516000,49
1678731001384,2384,BUY,6504000,2771
1678731001385,2385,SELL,6417000,1282
1678731001386,2386,BUY,6552000,4365
1678731001387,2387,SELL,6476000,4143
1678731001388,2388,BUY,6442000,1874
1678731001389,2389,SELL,6431000,1365
1678731001390,2390,SELL,6553000,4146
1678731001391,2391,SELL,6392000,1751
1678731001392,2392,BUY,6520000,4423
1678731001393,2393,SELL,6542000,1730
1678731001394,2394,SELL,6480000,76
1678731001395,2395,SELL,6579000,1487
1678731001396,2396,BUY,6450000,3613
1678731001397,2397,SELL,6526000,1930
1678731001398,2398,BUY,6505000,1491
1678731001399,2399,BUY,6587000,2711
1678731001400,2400,BUY,6485000,616
1678731001401,2401,BUY,6521000,3177
1678731001402,2402,BUY,6505000,1067
1678731001403,2403,SELL,6423000,1562
1678731001404,2404,BUY,6492000,1345
1678731001405,2405,BUY,6470000,1685
1678731001406,2406,BUY,6505000,4932
1678731001407,2407,SELL,6522000,2079
1678731001408,2408,BUY,6567000,3398
1678731001409,2409,SELL,6383000,2065
1678731001410,2410,SELL,6500000,1644
1678731001411,2411,BUY,6435000,2738
1678731001412,2412,SELL,6527000,4727
1678731001413,2413,BUY,6610000,3486
1678731001414,2414,SELL,6483000,2201
1678731001415,2415,BUY,6460000,4903
1678731001416,2416,SELL,6476000,3827
1678731001417,2417,SELL,6435000,3398
1678731001418,2418,BUY,6365000,3885
1678731001419,2419,BUY,6512000,3061
1678731001420,2420,SELL,6497000,2046
1678731001421,2421,SELL,6461000,4430
1678731001422,2422,SELL,6445000,4409
1678731001423,2423,BUY,6541000,3660
1678731001424,2424,SELL,6562000,2331
1678731001425,2425,SELL,6506000,4372
1678731001426,2426,SELL,6395000,1434
1678731001427,2427,SELL,6490000,2663
1678731001428,2428,BUY,6516000,2029
1678731001429,2429,SELL,6485000,2427
1678731001430,2430,BUY,6490000,3243
1678731001431,2431,SELL,6465000,87
1678731001432,2432,SELL,6486000,916
1678731001433,2433,SELL,6547000,3718
1678731001434,2434,SELL,6509000,4909
1678731001435,2435,BUY,6472000,2258
1678731001436,2436,BUY,6485000,1165
1678731001437,2437,SELL,6567000,4714
1678731001438,2438,SELL,6446000,359
1678731001439,2439,BUY,6465000,3649
1678731001440,2440,BUY,6490000,1879
1678731001441,2441,BUY,6469000,1854
1678731001442,2442,SELL,6564000,4648
1678731001443,2443,BUY,6548000,1902
1678731001444,2444,BUY,6489000,1872
1678731001445,2445,BUY,6605000,3164
1678731001446,2446,SELL,6513000,252
1678731001447,2447,BUY,6575000,2909
1678731001448,2448,SELL,6569000,2610
1678731001449,2449,SELL,6520000,1757
1678731001450,2450,SELL,6442000,83
1678731001451,2451,SELL,6502000,1044
1678731001452,2452,SELL,6463000,3316
1678731001453,2453,BUY,6526000,1741
1678731001454,2454,SELL,6517000,1298
1678731001455,2455,SELL,6510000,3031
1678731001456,2456,SELL,6539000,4265
1678731001457,2457,SELL,6515000,2713
1678731001458,2458,SELL,6495000,2081
1678731001459,2459,SELL,6439000,3567
1678731001460,2460,BUY,6468000,935
1678731001461,2461,BUY,6449000,3003
1678731001462,2462,BUY,6542000,3625
1678731001463,2463,SELL,6492000,3732
1678731001464,2464,BUY,6511000,677
1678731001465,2465,BUY,6476000,2225
1678731001466,2466,SELL,6555000,2161
1678731001467,2467,BUY,6529000,2751
1678731001468,2468,SELL,6504000,3744
1678731001469,2469,SELL,6497000,1133
1678731001470,2470,BUY,6459000,2321
1678731001471,2471,SELL,6469000,1399
1678731001472,2472,BUY,6423000,325
1678731001473,2473,SELL,6530000,3886
1678731001474,2474,SELL,6535000,4917
1678731001475,2475,BUY,6537000,3936
1678731001476,2476,BUY,6452000,761
1678731001477,2477,BUY,6571000,1094
1678731001478,2478,BUY,6483000,4124
1678731001479,2479,SELL,6524000,3154
1678731001480,2480,BUY,6438000,2151
1678731001481,2481,SELL,6558000,1013
1678731001482,2482,SELL,6533000,2188
1678731001483,2483,SELL,6485000,3337
1678731001484,2484,SELL,6476000,4066
1678731001485,2485,SELL,6532000,3537
1678731001486,2486,BUY,6558000,4009
1678731001487,2487,SELL,6459000,3375
1678731001488,2488,SELL,6495000,1597
1678731001489,2489,BUY,6474000,4807
1678731001490,2490,BUY,6560000,2036
1678731001491,2491,SELL,6470000,78
1678731001492,2492,BUY,6439000,88
1678731001493,2493,BUY,6534000,95
1678731001494,2494,SELL,6566000,1551
1678731001495,2495,BUY,6531000,672
1678731001496,2496,SELL,6553000,4693
1678731001497,2497,SELL,6601000,2080
1678731001498,2498,SELL,6581000,356
1678731001499,2499,SELL,6587000,3195
1678731001500,2500,SELL,6588000,700
1678731001501,2501,BUY,6475000,2898
1678731001502,2502,BUY,6535000,1902
1678731001503,2503,SELL,6507000,1864
1678731001504,2504,BUY,6426000,2352
1678731001505,2505,SELL,6507000,2221
1678731001506,2506,SELL,6555000,2311
1678731001507,2507,SELL,6527000,4701
1678731001508,2508,SELL,6496000,4166
1678731001509,2509,SELL,6467000,1818
1678731001510,2510,SELL,6527000,4626
1678731001511,2511,BUY,6491000,3162
1678731001512,2512,SELL,6555000,4872
1678731001513,2513,SELL,6553000,358
1678731001514,2514,BUY,6520000,4054
1678731001515,2515,SELL,6448000,2075
1678731001516,2516,BUY,6480000,2903
1678731001517,2517,SELL,6590000,2270
1678731001518,2518,SELL,6526000,865
1678731001519,2519,SELL,6566000,2273
1678731001520,2520,SELL,6450000,4769
1678731001521,2521,BUY,6653000,4410
1678731001522,2522,BUY,6417000,3217
1678731001523,2523,SELL,6526000,402
1678731001524,2524,SELL,6413000,2975
1678731001525,2525,BUY,6555000,3516
1678731001526,2526,BUY,6459000,4580
1678731001527,2527,SELL,6492000,3086
1678731001528,2528,SELL,6516000,2988
1678731001529,2529,BUY,6539000,2513
1678731001530,2530,SELL,6491000,1883
1678731001531,2531,SELL,6510000,4003
1678731001532,2532,BUY,6514000,3099
1678731001533,2533,BUY,6503000,4705
1678731001534,2534,SELL,6490000,1744
1678731001535,2535,BUY,6475000,2183
1678731001536,2536,SELL,6517000,4461
1678731001537,2537,SELL,6515000,1537
1678731001538,2538,BUY,6466000,2087
1678731001539,2539,BUY,6491000,849
1678731001540,2540,BUY,6413000,4713
1678731001541,2541,BUY,6488000,383
1678731001542,2542,BUY,6414000,786
1678731001543,2543,SELL,6476000,1044
1678731001544,2544,BUY,6449000,112
1678731001545,2545,BUY,6461000,4135
1678731001546,2546,BUY,6568000,1519
1678731001547,2547,BUY,6443000,4878
1678731001548,2548,BUY,6481000,3887
1678731001549,2549,BUY,6516000,391
1678731001550,2550,SELL,6404000,3537
1678731001551,2551,SELL,6492000,3090
1678731001552,2552,SELL,6511000,3905
1678731001553,2553,SELL,6446000,1525
1678731001554,2554,BUY,6428000,879
1678731001555,2555,BUY,6539000,4379
1678731001556,2556,BUY,6405000,1984
1678731001557,2557,SELL,6480000,3579
1678731001558,2558,BUY,6440000,961
1678731001559,2559,SELL,6383000,1742
1678731001560,2560,SELL,6556000,3325
1678731001561,2561,SELL,6534000,1004
1678731001562,2562,BUY,6561000,2817
1678731001563,2563,SELL,6506000,3828
1678731001564,2564,SELL,6440000,2619
1678731001565,2565,BUY,6475000,2360
1678731001566,2566,SELL,6333000,3439
1678731001567,2567,SELL,6426000,3294
1678731001568,2568,BUY,6486000,625
1678731001569,2569,BUY,6552000,3496
1678731001570,2570,BUY,6475000,4518
1678731001571,2571,BUY,6517000,4451
1678731001572,2572,SELL,6513000,3684
1678731001573,2573,SELL,6437000,2569
1678731001574,2574,BUY,6438000,4852
1678731001575,2575,SELL,6533000,4663
1678731001576,2576,BUY,6455000,667
1678731001577,2577,SELL,6520000,4275
1678731001578,2578,BUY,6454000,2459
1678731001579,2579,BUY,6464000,2039
1678731001580,2580,SELL,6519000,2887
1678731001581,2581,SELL,6490000,2798
1678731001582,2582,SELL,6482000,1271
1678731001583,2583,SELL,6450000,4696
1678731001584,2584,BUY,6505000,3650
1678731001585,2585,SELL,6457000,2870
1678731001586,2586,SELL,6525000,135
1678731001587,2587,BUY,6451000,1270
1678731001588,2588,BUY,6481000,2949
1678731001589,2589,BUY,6526000,3761
1678731001590,2590,BUY,6514000,277
1678731001591,2591,SELL,6518000,1889
1678731001592,2592,SELL,6492000,2776
1678731001593,2593,BUY,6440000,1005
1678731001594,2594,BUY,6541000,4743
1678731001595,2595,BUY,6498000,4724
1678731001596,2596,BUY,6467000,3931
1678731001597,2597,SELL,6463000,2954
1678731001598,2598,BUY,6579000,3516
1678731001599,2599,BUY,6489000,3080
1678731001600,2600,BUY,6596000,3524
1678731001601,2601,SELL,6429000,4677
1678731001602,2602,SELL,6558000,2384
1678731001603,2603,BUY,6481000,3375
1678731001604,2604,BUY,6470000,3237
1678731001605,2605,SELL,6444000,1141
1678731001606,2606,SELL,6501000,3870
1678731001607,2607,SELL,6544000,625
1678731001608,2608,BUY,6502000,4267
1678731001609,2609,BUY,6474000,4643
1678731001610,2610,SELL,6422000,1687
1678731001611,2611,BUY,6484000,2334
1678731001612,2612,SELL,6512000,953
1678731001613,2613,BUY,6455000,4613
1678731001614,2614,BUY,6561000,1007
1678731001615,2615,BUY,6475000,287
1678731001616,2616,SELL,6516000,1062
1678731001617,2617,BUY,6477000,2787
1678731001618,2618,SELL,6537000,4638
1678731001619,2619,BUY,6505000,1836
1678731001620,2620,BUY,6576000,1421
1678731001621,2621,BUY,6506000,2099
1678731001622,2622,BUY,6525000,3189
1678731001623,2623,BUY,6509000,2991
1678731001624,2624,SELL,6441000,1485
1678731001625,2625,SELL,6557000,3102
1678731001626,2626,SELL,6516000,1758
1678731001627,2627,BUY,6526000,4566
1678731001628,2628,BUY,6549000,1741
1678731001629,2629,SELL,6551000,2184
1678731001630,2630,SELL,6445000,719
1678731001631,2631,BUY,6436000,1572
1678731001632,2632,BUY,6458000,4959
1678731001633,2633,SELL,6437000,2710
1678731001634,2634,SELL,6476000,2269
1678731001635,2635,SELL,6442000,1000
1678731001636,2636,BUY,6445000,1714
1678731001637,2637,SELL,6514000,2249
1678731001638,2638,BUY,6417000,35
1678731001639,2639,BUY,6500000,309
1678731001640,2640,SELL,6541000,1372
1678731001641,2641,SELL,6540000,894
1678731001642,2642,SELL,6528000,4709
1678731001643,2643,BUY,6534000,3923
1678731001644,2644,BUY,6531000,1255
1678731001645,2645,BUY,6444000,3589
1678731001646,2646,BUY,6486000,1501
1678731001647,2647,SELL,6529000,544
1678731001648,2648,BUY,6474000,4702
1678731001649,2649,BUY,6475000,3023
1678731001650,2650,BUY,6511000,593
1678731001651,2651,BUY,6585000,3414
1678731001652,2652,BUY,6539000,3672
1678731001653,2653,BUY,6418000,3165
1678731001654,2654,BUY,6506000,1782
1678731001655,2655,SELL,6449000,235
1678731001656,2656,BUY,6542000,2911
1678731001657,2657,SELL,6562000,538
1678731001658,2658,SELL,6595000,3502
1678731001659,2659,SELL,6540000,2060
1678731001660,2660,BUY,6523000,3902
1678731001661,2661,BUY,6525000,502
1678731001662,2662,SELL,6448000,470
1678731001663,2663,SELL,6495000,2930
1678731001664,2664,BUY,6507000,3920
1678731001665,2665,SELL,6466000,3502
1678731001666,2666,BUY,6521000,1123
1678731001667,2667,BUY,6604000,4367
1678731001668,2668,BUY,6412000,2811
1678731001669,2669,SELL,6529000,1239
1678731001670,2670,SELL,6496000,1208
1678731001671,2671,BUY,6522000,730
1678731001672,2672,BUY,6506000,2623
1678731001673,2673,BUY,6484000,1099
1678731001674,2674,BUY,6429000,698
1678731001675,2675,SELL,6532000,3447
1678731001676,2676,BUY,6521000,391
1678731001677,2677,BUY,6521000,4481
1678731001678,2678,BUY,6557000,268
1678731001679,2679,BUY,6474000,2791
1678731001680,2680,BUY,6496000,1798
1678731001681,2681,BUY,6457000,4566
1678731001682,2682,SELL,6472000,706
1678731001683,2683,SELL,6434000,2887
1678731001684,2684,SELL,6460000,1386
1678731001685,2685,BUY,6388000,1029
1678731001686,2686,SELL,6516000,3012
1678731001687,2687,BUY,6597000,4687
1678731001688,2688,BUY,6442000,3274
1678731001689,2689,SELL,6484000,3100
1678731001690,2690,SELL,6586000,4226
1678731001691,2691,BUY,6524000,1127
1678731001692,2692,BUY,6513000,3870
1678731001693,2693,SELL,6454000,229
1678731001694,2694,SELL,6489000,1165
1678731001695,2695,SELL,6468000,3410
1678731001696,2696,BUY,6520000,1605
1678731001697,2697,SELL,6521000,2196
1678731001698,2698,BUY,6476000,2226
1678731001699,2699,BUY,6485000,3753
1678731001700,2700,BUY,6557000,1397
1678731001701,2701,BUY,6564000,1092
1678731001702,2702,BUY,6481000,155
1678731001703,2703,SELL,6482000,4538
1678731001704,2704,BUY,6440000,2596
1678731001705,2705,SELL,6485000,3554
1678731001706,2706,SELL,6500000,4844
1678731001707,2707,SELL,6421000,1319
1678731001708,2708,SELL,6517000,260
1678731001709,2709,SELL,6487000,2328
1678731001710,2710,SELL,6568000,1435
1678731001711,2711,BUY,6571000,466
1678731001712,2712,SELL,6599000,3907
1678731001713,2713,BUY,6517000,1997
1678731001714,2714,SELL,6485000,3294
1678731001715,2715,SELL,6513000,50
1678731001716,2716,SELL,6488000,547
1678731001717,2717,BUY,6558000,3843
1678731001718,2718,SELL,6532000,1255
1678731001719,2719,BUY,6476000,2742
1678731001720,2720,SELL,6533000,1084
1678731001721,2721,BUY,6411000,4423
1678731001722,2722,BUY,6575000,1062
1678731001723,2723,BUY,6465000,4288
1678731001724,2724,SELL,6567000,3101
1678731001725,2725,BUY,6476000,2277
1678731001726,2726,SELL,6503000,963
1678731001727,2727,SELL,6483000,2304
1678731001728,2728,SELL,6522000,4437
1678731001729,2729,BUY,6442000,2105
1678731001730,2730,BUY,6387000,3884
1678731001731,2731,BUY,6563000,661
1678731001732,2732,BUY,6574000,3988
1678731001733,2733,SELL,6476000,3624
1678731001734,2734,BUY,6457000,4027
1678731001735,2735,BUY,6488000,271
1678731001736,2736,SELL,6443000,393
1678731001737,2737,BUY,6517000,1182
1678731001738,2738,BUY,6481000,1406
1678731001739,2739,SELL,6474000,1396
1678731001740,2740,SELL,6470000,1076
1678731001741,2741,BUY,6494000,2106
1678731001742,2742,SELL,6482000,3659
1678731001743,2743,SELL,6495000,4735
1678731001744,2744,BUY,6466000,1247
1678731001745,2745,BUY,6550000,3492
1678731001746,2746,SELL,6517000,41
1678731001747,2747,SELL,6496000,318
1678731001748,2748,BUY,6449000,3760
1678731001749,2749,SELL,6546000,668
1678731001750,2750,BUY,6468000,475
1678731001751,2751,BUY,6503000,2058
1678731001752,2752,SELL,6470000,1594
1678731001753,2753,BUY,6532000,1304
1678731001754,2754,SELL,6400000,3136
1678731001755,2755,SELL,6469000,1444
1678731001756,2756,BUY,6533000,3318
1678731001757,2757,BUY,6461000,4355
1678731001758,2758,BUY,6403000,2427
1678731001759,2759,BUY,6466000,3472
1678731001760,2760,SELL,6512000,1051
1678731001761,2761,SELL,6440000,1489
1678731001762,2762,SELL,6491000,3672
1678731001763,2763,BUY,6491000,1739
1678731001764,2764,BUY,6584000,864
1678731001765,2765,BUY,6456000,4139
1678731001766,2766,BUY,6578000,4017
1678731001767,2767,BUY,6457000,1240
1678731001768,2768,SELL,6526000,1693
1678731001769,2769,SELL,6483000,1566
1678731001770,2770,BUY,6476000,3244
1678731001771,2771,BUY,6428000,4377
1678731001772,2772,SELL,6525000,2733
1678731001773,2773,SELL,6548000,537
1678731001774,2774,BUY,6524000,2680
1678731001775,2775,BUY,6465000,419
1678731001776,2776,SELL,6481000,159
1678731001777,2777,SELL,6489000,2228
1678731001778,2778,BUY,6530000,3811
1678731001779,2779,SELL,6555000,2540
1678731001780,2780,SELL,6485000,3843
1678731001781,2781,SELL,6408000,2177
1678731001782,2782,BUY,6408000,3330
1678731001783,2783,SELL,6460000,2509
1678731001784,2784,SELL,6546000,654
1678731001785,2785,SELL,6527000,506
1678731001786,2786,SELL,6533000,3960
1678731001787,2787,BUY,6463000,3016
1678731001788,2788,SELL,6477000,767
1678731001789,2789,SELL,6544000,4449
1678731001790,2790,SELL,6581000,36
1678731001791,2791,SELL,6545000,16
1678731001792,2792,BUY,6545000,101
1678731001793,2793,BUY,6461000,2326
1678731001794,2794,SELL,6530000,3309
1678731001795,2795,SELL,6434000,3265
1678731001796,2796,BUY,6553000,3510
1678731001797,2797,BUY,6516000,576
1678731001798,2798,SELL,6485000,2975
1678731001799,2799,SELL,6394000,2063
1678731001800,2800,BUY,6484000,3118
1678731001801,2801,BUY,6498000,4036
1678731001802,2802,BUY,6503000,3890
1678731001803,2803,BUY,6486000,3368
1678731001804,2804,SELL,6472000,3171
1678731001805,2805,SELL,6456000,4030
1678731001806,2806,SELL,6581000,133
1678731001807,2807,SELL,6597000,1820
1678731001808,2808,BUY,6509000,646
1678731001809,2809,BUY,6460000,4003
1678731001810,2810,SELL,6446000,4260
1678731001811,2811,SELL,6486000,4958
1678731001812,2812,BUY,6595000,4973
1678731001813,2813,SELL,6512000,3031
1678731001814,2814,SELL,6559000,3076
1678731001815,2815,SELL,6558000,2910
1678731001816,2816,BUY,6532000,1636
1678731001817,2817,SELL,6443000,647
1678731001818,2818,SELL,6558000,4188
1678731001819,2819,SELL,6437000,645
1678731001820,2820,BUY,6461000,4473
1678731001821,2821,BUY,6514000,3228
1678731001822,2822,SELL,6481000,4457
1678731001823,2823,BUY,6513000,78
1678731001824,2824,SELL,6435000,749
1678731001825,2825,BUY,6462000,469
1678731001826,2826,SELL,6530000,2770
1678731001827,2827,BUY,6638000,4063
1678731001828,2828,SELL,6570000,4945
1678731001829,2829,BUY,6420000,1136
1678731001830,2830,BUY,6485000,698
1678731001831,2831,BUY,6469000,414
1678731001832,2832,BUY,6498000,2029
1678731001833,2833,SELL,6513000,447
1678731001834,2834,SELL,6471000,2388
1678731001835,2835,BUY,6550000,1598
1678731001836,2836,BUY,6560000,2966
1678731001837,2837,BUY,6557000,3477
1678731001838,2838,BUY,6454000,3337
1678731001839,2839,SELL,6516000,606
1678731001840,2840,SELL,6551000,4023
1678731001841,2841,SELL,6540000,2135
1678731001842,2842,BUY,6537000,3904
1678731001843,2843,BUY,6571000,3372
1678731001844,2844,BUY,6477000,2465
1678731001845,2845,SELL,6413000,3985
1678731001846,2846,SELL,6485000,2760
1678731001847,2847,SELL,6487000,2623
1678731001848,2848,BUY,6627000,1396
1678731001849,2849,SELL,6467000,3860
1678731001850,2850,BUY,6559000,342
1678731001851,2851,BUY,6613000,250
1678731001852,2852,SELL,6598000,2002
1678731001853,2853,BUY,6499000,2997
1678731001854,2854,BUY,6541000,4886
1678731001855,2855,SELL,6511000,2728
1678731001856,2856,SELL,6459000,382
1678731001857,2857,SELL,6568000,4540
1678731001858,2858,BUY,6529000,3855
1678731001859,2859,SELL,6453000,1693
1678731001860,2860,BUY,6481000,4877
1678731001861,2861,SELL,6492000,4168
1678731001862,2862,SELL,6561000,3144
1678731001863,2863,BUY,6441000,4654
1678731001864,2864,SELL,6387000,1856
1678731001865,2865,SELL,6441000,2757
1678731001866,2866,BUY,6510000,2903
1678731001867,2867,SELL,6451000,1735
1678731001868,2868,BUY,6490000,392
1678731001869,2869,SELL,6475000,838
1678731001870,2870,BUY,6396000,4706
1678731001871,2871,BUY,6465000,4365
1678731001872,2872,BUY,6489000,10
1678731001873,2873,BUY,6547000,3074
1678731001874,2874,SELL,6599000,1991
1678731001875,2875,BUY,6461000,2282
1678731001876,2876,SELL,6508000,685
1678731001877,2877,SELL,6525000,996
1678731001878,2878,BUY,6622000,2631
1678731001879,2879,SELL,6472000,565
1678731001880,2880,BUY,6458000,821
1678731001881,2881,BUY,6481000,3382
1678731001882,2882,BUY,6457000,3494
1678731001883,2883,BUY,6533000,1082
1678731001884,2884,SELL,6549000,502
1678731001885,2885,SELL,6512000,591
1678731001886,2886,BUY,6509000,2655
1678731001887,2887,BUY,6569000,3395
1678731001888,2888,SELL,6489000,868
1678731001889,2889,BUY,6540000,4395
1678731001890,2890,BUY,6488000,1864
1678731001891,2891,SELL,6442000,3076
1678731001892,2892,BUY,6560000,1012
1678731001893,2893,BUY,6515000,1582
1678731001894,2894,BUY,6554000,1805
1678731001895,2895,SELL,6521000,1542
1678731001896,2896,BUY,6527000,3021
1678731001897,2897,BUY,6459000,4011
1678731001898,2898,BUY,6631000,4979
1678731001899,2899,SELL,6526000,62
1678731001900,2900,SELL,6568000,3932
1678731001901,2901,SELL,6495000,3094
1678731001902,2902,BUY,6470000,2839
1678731001903,2903,BUY,6542000,1764
1678731001904,2904,BUY,6436000,591
1678731001905,2905,BUY,6576000,644
1678731001906,2906,SELL,6488000,3763
1678731001907,2907,BUY,6540000,4529
1678731001908,2908,BUY,6516000,1329
1678731001909,2909,BUY,6560000,2523
1678731001910,2910,SELL,6563000,4678
1678731001911,2911,SELL,6510000,2336
1678731001912,2912,SELL,6423000,1244
1678731001913,2913,SELL,6587000,4333
1678731001914,2914,SELL,6432000,81
1678731001915,2915,SELL,6525000,2397
1678731001916,2916,SELL,6570000,1424
1678731001917,2917,SELL,6527000,4188
1678731001918,2918,BUY,6470000,3131
1678731001919,2919,BUY,6511000,71
1678731001920,2920,BUY,6474000,1228
1678731001921,2921,BUY,6472000,2994
1678731001922,2922,BUY,6514000,4763
1678731001923,2923,BUY,6375000,4419
1678731001924,2924,BUY,6490000,2377
1678731001925,2925,SELL,6509000,46
1678731001926,2926,BUY,6506000,2607
1678731001927,2927,SELL,6463000,4973
1678731001928,2928,SELL,6527000,576
1678731001929,2929,BUY,6503000,4589
1678731001930,2930,BUY,6605000,2261
1678731001931,2931,BUY,6529000,1658
1678731001932,2932,SELL,6475000,2263
1678731001933,2933,BUY,6541000,4686
1678731001934,2934,BUY,6418000,838
1678731001935,2935,BUY,6505000,304
1678731001936,2936,SELL,6515000,244
1678731001937,2937,BUY,6506000,4641
1678731001938,2938,BUY,6460000,3365
1678731001939,2939,BUY,6505000,857
1678731001940,2940,SELL,6444000,3832
1678731001941,2941,BUY,6588000,2074
1678731001942,2942,BUY,6505000,2754
1678731001943,2943,SELL,6525000,4817
1678731001944,2944,BUY,6430000,855
1678731001945,2945,BUY,6471000,264
1678731001946,2946,BUY,6531000,2943
1678731001947,2947,SELL,6552000,570
1678731001948,2948,BUY,6455000,3241
1678731001949,2949,SELL,6434000,4221
1678731001950,2950,SELL,6525000,4809
1678731001951,2951,SELL,6482000,3654
1678731001952,2952,BUY,6423000,3701
1678731001953,2953,SELL,6414000,3065
1678731001954,2954,BUY,6470000,4055
1678731001955,2955,SELL,6553000,1370
1678731001956,2956,BUY,6560000,2614
1678731001957,2957,SELL,6514000,349
1678731001958,2958,SELL,6507000,4452
1678731001959,2959,BUY,6481000,3265
1678731001960,2960,BUY,6389000,3097
1678731001961,2961,SELL,6555000,2847
1678731001962,2962,SELL,6519000,3847
1678731001963,2963,BUY,6458000,4971
1678731001964,2964,BUY,6568000,3657
1678731001965,2965,BUY,6441000,3507
1678731001966,2966,BUY,6557000,1756
1678731001967,2967,SELL,6413000,1226
1678731001968,2968,BUY,6628000,1582
1678731001969,2969,SELL,6432000,1130
1678731001970,2970,BUY,6560000,226
1678731001971,2971,SELL,6468000,3500
1678731001972,2972,BUY,6530000,2068
1678731001973,2973,SELL,6588000,987
1678731001974,2974,SELL,6486000,2208
1678731001975,2975,BUY,6622000,1593
1678731001976,2976,BUY,6590000,3473
1678731001977,2977,SELL,6426000,922
1678731001978,2978,BUY,6499000,4541
1678731001979,2979,BUY,6488000,1220
1678731001980,2980,SELL,6503000,532
1678731001981,2981,SELL,6481000,651
1678731001982,2982,BUY,6455000,164
1678731001983,2983,SELL,6496000,3575
1678731001984,2984,SELL,6528000,1275
1678731001985,2985,SELL,6374000,3214
1678731001986,2986,BUY,6546000,1587
1678731001987,2987,SELL,6509000,3139
1678731001988,2988,SELL,6577000,1486
1678731001989,2989,SELL,6478000,1286
1678731001990,2990,SELL,6471000,914
1678731001991,2991,BUY,6460000,3956
1678731001992,2992,BUY,6526000,2974
1678731001993,2993,SELL,6408000,2952
1678731001994,2994,BUY,6463000,895
1678731001995,2995,BUY,6510000,3618
1678731001996,2996,BUY,6425000,2899
1678731001997,2997,BUY,6504000,82
1678731001998,2998,BUY,6566000,1551
1678731001999,2999,SELL,6559000,1475
1678731002000,3000,SELL,6494000,3316
1678731002001,3001,SELL,6549000,4041
1678731002002,3002,SELL,6523000,104
1678731002003,3003,SELL,6509000,3682
1678731002004,3004,SELL,6532000,3196
1678731002005,3005,BUY,6481000,1605
1678731002006,3006,BUY,6486000,14
1678731002007,3007,BUY,6522000,4517
1678731002008,3008,BUY,6500000,2087
1678731002009,3009,SELL,6557000,1789
1678731002010,3010,BUY,6539000,2566
1678731002011,3011,BUY,6539000,3406
1678731002012,3012,BUY,6527000,1936
1678731002013,3013,BUY,6509000,1876
1678731002014,3014,SELL,6538000,768
1678731002015,3015,SELL,6552000,1649
1678731002016,3016,BUY,6519000,4827
1678731002017,3017,SELL,6458000,2147
1678731002018,3018,SELL,6501000,1841
1678731002019,3019,BUY,6426000,744
1678731002020,3020,BUY,6564000,3184
1678731002021,3021,BUY,6538000,1997
1678731002022,3022,BUY,6458000,4609
1678731002023,3023,SELL,6468000,4063
1678731002024,3024,SELL,6567000,1625
1678731002025,3025,SELL,6465000,3829
1678731002026,3026,SELL,6424000,3942
1678731002027,3027,BUY,6442000,4518
1678731002028,3028,BUY,6485000,421
1678731002029,3029,BUY,6477000,3004
1678731002030,3030,SELL,6481000,4632
1678731002031,3031,SELL,6535000,4358
1678731002032,3032,SELL,6471000,4560
1678731002033,3033,SELL,6521000,496
1678731002034,3034,SELL,6443000,278
1678731002035,3035,SELL,6561000,3350
1678731002036,3036,SELL,6447000,1537
1678731002037,3037,BUY,6501000,327
1678731002038,3038,SELL,6493000,3417
1678731002039,3039,SELL,6517000,1185
1678731002040,3040,SELL,6540000,4018
1678731002041,3041,BUY,6478000,4933
1678731002042,3042,SELL,6542000,3238
1678731002043,3043,BUY,6557000,3129
1678731002044,3044,SELL,6489000,1096
1678731002045,3045,SELL,6590000,449
1678731002046,3046,BUY,6516000,3387
1678731002047,3047,SELL,6483000,3184
1678731002048,3048,BUY,6504000,1546
1678731002049,3049,SELL,6590000,2391
1678731002050,3050,BUY,6518000,4664
1678731002051,3051,SELL,6518000,4670
1678731002052,3052,BUY,6523000,3531
1678731002053,3053,SELL,6546000,4612
1678731002054,3054,BUY,6518000,704
1678731002055,3055,BUY,6530000,3064
1678731002056,3056,BUY,6503000,4314
1678731002057,3057,SELL,6509000,1173
1678731002058,3058,BUY,6549000,4889
1678731002059,3059,BUY,6463000,2917
1678731002060,3060,BUY,6501000,1115
1678731002061,3061,SELL,6486000,290
1678731002062,3062,BUY,6431000,866
1678731002063,3063,SELL,6437000,845
1678731002064,3064,BUY,6500000,618
1678731002065,3065,SELL,6552000,2085
1678731002066,3066,BUY,6510000,4348
1678731002067,3067,SELL,6471000,2655
1678731002068,3068,BUY,6569000,4090
1678731002069,3069,BUY,6480000,4477
1678731002070,3070,SELL,6450000,695
1678731002071,3071,BUY,6591000,1391
1678731002072,3072,BUY,6504000,3308
1678731002073,3073,BUY,6582000,3735
1678731002074,3074,SELL,6499000,1305
1678731002075,3075,SELL,6501000,18
1678731002076,3076,BUY,6429000,536
1678731002077,3077,BUY,6479000,2774
1678731002078,3078,SELL,6523000,4113
1678731002079,3079,BUY,6533000,3767
1678731002080,3080,BUY,6507000,3617
1678731002081,3081,SELL,6485000,1167
1678731002082,3082,BUY,6501000,1218
1678731002083,3083,BUY,6447000,374
1678731002084,3084,BUY,6572000,1180
1678731002085,3085,BUY,6540000,3750
1678731002086,3086,BUY,6494000,415
1678731002087,3087,SELL,6477000,2266
1678731002088,3088,BUY,6595000,4078
1678731002089,3089,SELL,6469000,4389
1678731002090,3090,SELL,6489000,198
1678731002091,3091,SELL,6575000,4043
1678731002092,3092,BUY,6512000,4434
1678731002093,3093,SELL,6418000,1999
1678731002094,3094,SELL,6514000,2678
1678731002095,3095,BUY,6471000,4296
1678731002096,3096,BUY,6428000,618
1678731002097,3097,SELL,6474000,101
1678731002098,3098,BUY,6446000,693
1678731002099,3099,BUY,6460000,2693
1678731002100,3100,BUY,6511000,316
1678731002101,3101,BUY,6433000,1127
1678731002102,3102,BUY,6546000,4888
1678731002103,3103,SELL,6484000,4042
1678731002104,3104,BUY,6463000,4202
1678731002105,3105,SELL,6484000,1703
1678731002106,3106,BUY,6447000,1580
1678731002107,3107,BUY,6447000,3374
1678731002108,3108,BUY,6480000,3593
1678731002109,3109,SELL,6514000,1425
1678731002110,3110,BUY,6524000,4325
1678731002111,3111,SELL,6476000,602
1678731002112,3112,BUY,6489000,2206
1678731002113,3113,SELL,6511000,2419
1678731002114,3114,BUY,6578000,4184
1678731002115,3115,SELL,6503000,2517
1678731002116,3116,SELL,6468000,2524
1678731002117,3117,BUY,6455000,4394
1678731002118,3118,BUY,6546000,2233
1678731002119,3119,BUY,6388000,2965
1678731002120,3120,SELL,6474000,2241
1678731002121,3121,SELL,6455000,4151
1678731002122,3122,SELL,6539000,3320
1678731002123,3123,BUY,6565000,600
1678731002124,3124,SELL,6488000,1110
1678731002125,3125,BUY,6462000,938
1678731002126,3126,BUY,6493000,3676
1678731002127,3127,BUY,6520000,3501
1678731002128,3128,BUY,6527000,3533
1678731002129,3129,BUY,6493000,2523
1678731002130,3130,SELL,6565000,2396
1678731002131,3131,BUY,6471000,3842
1678731002132,3132,SELL,6480000,2257
1678731002133,3133,SELL,6483000,2660
1678731002134,3134,SELL,6513000,3486
1678731002135,3135,SELL,6543000,4622
1678731002136,3136,BUY,6437000,3360
1678731002137,3137,SELL,6444000,4633
1678731002138,3138,BUY,6514000,3447
1678731002139,3139,SELL,6445000,2764
1678731002140,3140,BUY,6486000,4840
1678731002141,3141,BUY,6483000,3292
1678731002142,3142,BUY,6559000,2937
1678731002143,3143,SELL,6583000,2635
1678731002144,3144,BUY,6475000,974
1678731002145,3145,BUY,6526000,2362
1678731002146,3146,SELL,6483000,1004
1678731002147,3147,SELL,6540000,2068
1678731002148,3148,BUY,6444000,4270
1678731002149,3149,BUY,6557000,3629
1678731002150,3150,SELL,6469000,1018
1678731002151,3151,BUY,6430000,2732
1678731002152,3152,BUY,6473000,1165
1678731002153,3153,SELL,6486000,4246
1678731002154,3154,BUY,6446000,4064
1678731002155,3155,BUY,6497000,1721
1678731002156,3156,SELL,6533000,1208
1678731002157,3157,SELL,6459000,2224
1678731002158,3158,SELL,6577000,4385
1678731002159,3159,BUY,6620000,3647
1678731002160,3160,BUY,6487000,1014
1678731002161,3161,BUY,6529000,4453
1678731002162,3162,SELL,6519000,2515
1678731002163,3163,SELL,6493000,2920
1678731002164,3164,SELL,6487000,1090
1678731002165,3165,BUY,6416000,4365
1678731002166,3166,SELL,6492000,3460
1678731002167,3167,BUY,6539000,1316
1678731002168,3168,SELL,6471000,959
1678731002169,3169,BUY,6355000,4587
1678731002170,3170,SELL,6575000,2160
1678731002171,3171,SELL,6519000,1568
1678731002172,3172,BUY,6557000,4167
1678731002173,3173,BUY,6489000,4929
1678731002174,3174,SELL,6507000,1703
1678731002175,3175,SELL,6528000,2728
1678731002176,3176,SELL,6483000,2235
1678731002177,3177,BUY,6554000,109
1678731002178,3178,BUY,6472000,2921
1678731002179,3179,SELL,6596000,2326
1678731002180,3180,BUY,6443000,3312
1678731002181,3181,SELL,6524000,1103
1678731002182,3182,SELL,6467000,2429
1678731002183,3183,SELL,6453000,144
1678731002184,3184,BUY,6455000,1505
1678731002185,3185,SELL,6370000,4811
1678731002186,3186,SELL,6449000,3407
1678731002187,3187,BUY,6542000,3337
1678731002188,3188,BUY,6537000,1944
1678731002189,3189,SELL,6440000,700
1678731002190,3190,SELL,6523000,4695
1678731002191,3191,SELL,6463000,2467
1678731002192,3192,SELL,6406000,4685
1678731002193,3193,SELL,6543000,2583
1678731002194,3194,BUY,6550000,3075
1678731002195,3195,SELL,6472000,1636
1678731002196,3196,BUY,6558000,2924
1678731002197,3197,BUY,6495000,1043
1678731002198,3198,SELL,6504000,1787
1678731002199,3199,SELL,6492000,3405
1678731002200,3200,BUY,6439000,3702
1678731002201,3201,SELL,6487000,3948
1678731002202,3202,SELL,6441000,1439
1678731002203,3203,BUY,6526000,2595
1678731002204,3204,BUY,6531000,3525
1678731002205,3205,SELL,6406000,4644
1678731002206,3206,SELL,6529000,1333
1678731002207,3207,SELL,6495000,3484
1678731002208,3208,SELL,6415000,2666
1678731002209,3209,BUY,6509000,4110
1678731002210,3210,SELL,6481000,4060
1678731002211,3211,SELL,6464000,2417
1678731002212,3212,SELL,6442000,3540
1678731002213,3213,BUY,6517000,3562
1678731002214,3214,SELL,6503000,3609
1678731002215,3215,SELL,6506000,927
1678731002216,3216,BUY,6555000,133
1678731002217,3217,SELL,6575000,1251
1678731002218,3218,BUY,6397000,690
1678731002219,3219,SELL,6517000,3643
1678731002220,3220,BUY,6473000,3875
1678731002221,3221,BUY,6525000,1934
1678731002222,3222,BUY,6461000,3753
1678731002223,3223,BUY,6596000,4028
1678731002224,3224,SELL,6527000,4468
1678731002225,3225,SELL,6490000,1945
1678731002226,3226,SELL,6559000,4184
1678731002227,3227,BUY,6457000,4314
1678731002228,3228,BUY,6529000,214
1678731002229,3229,BUY,6488000,257
1678731002230,3230,SELL,6494000,1630
1678731002231,3231,BUY,6585000,3367
1678731002232,3232,SELL,6619000,1414
1678731002233,3233,BUY,6518000,2293
1678731002234,3234,BUY,6461000,3754
1678731002235,3235,BUY,6493000,2289
1678731002236,3236,SELL,6464000,1284
1678731002237,3237,SELL,6469000,4142
1678731002238,3238,SELL,6505000,2337
1678731002239,3239,BUY,6466000,3962
1678731002240,3240,BUY,6558000,1262
1678731002241,3241,BUY,6489000,511
1678731002242,3242,BUY,6496000,4306
1678731002243,3243,SELL,6472000,1737
1678731002244,3244,SELL,6438000,3090
1678731002245,3245,BUY,6443000,4426
1678731002246,3246,BUY,6510000,4967
1678731002247,3247,SELL,6483000,4344
1678731002248,3248,SELL,6514000,1430
1678731002249,3249,SELL,6550000,2591
1678731002250,3250,BUY,6463000,1457
1678731002251,3251,BUY,6607000,1015
1678731002252,3252,SELL,6451000,487
1678731002253,3253,SELL,6442000,2101
1678731002254,3254,BUY,6543000,2741
1678731002255,3255,SELL,6498000,831
1678731002256,3256,SELL,6461000,1109
1678731002257,3257,SELL,6438000,2581
1678731002258,3258,SELL,6452000,4533
1678731002259,3259,BUY,6501000,3720
1678731002260,3260,SELL,6568000,3478
1678731002261,3261,BUY,6418000,62
1678731002262,3262,SELL,6506000,1736
1678731002263,3263,BUY,6535000,185
1678731002264,3264,SELL,6474000,811
1678731002265,3265,SELL,6571000,2691
1678731002266,3266,SELL,6512000,1365
1678731002267,3267,BUY,6540000,1588
1678731002268,3268,BUY,6538000,1497
1678731002269,3269,BUY,6556000,3131
1678731002270,3270,BUY,6491000,1053
1678731002271,3271,BUY,6580000,3482
1678731002272,3272,SELL,6495000,2257
1678731002273,3273,BUY,6487000,1270
1678731002274,3274,BUY,6485000,1716
1678731002275,3275,SELL,6481000,4930
1678731002276,3276,BUY,6481000,1596
1678731002277,3277,BUY,6502000,53
1678731002278,3278,BUY,6503000,196
1678731002279,3279,BUY,6503000,2532
1678731002280,3280,SELL,6489000,3110
1678731002281,3281,SELL,6538000,612
1678731002282,3282,BUY,6508000,4067
1678731002283,3283,BUY,6520000,505
1678731002284,3284,SELL,6454000,1083
1678731002285,3285,SELL,6439000,3141
1678731002286,3286,SELL,6532000,1558
1678731002287,3287,BUY,6540000,2002
1678731002288,3288,BUY,6450000,4774
1678731002289,3289,SELL,6445000,4594
1678731002290,3290,SELL,6560000,3148
1678731002291,3291,BUY,6475000,3206
1678731002292,3292,SELL,6466000,1377
1678731002293,3293,SELL,6445000,2969
1678731002294,3294,BUY,6445000,1220
1678731002295,3295,SELL,6605000,1465
1678731002296,3296,BUY,6492000,1453
1678731002297,3297,BUY,6483000,1853
1678731002298,3298,BUY,6442000,4771
1678731002299,3299,BUY,6415000,4330
1678731002300,3300,SELL,6584000,3981
1678731002301,3301,BUY,6550000,396
1678731002302,3302,SELL,6506000,1289
1678731002303,3303,BUY,6368000,4671
1678731002304,3304,SELL,6485000,2545
1678731002305,3305,BUY,6504000,3754
1678731002306,3306,SELL,6503000,4286
1678731002307,3307,SELL,6364000,2340
1678731002308,3308,SELL,6566000,3590
1678731002309,3309,SELL,6518000,2223
1678731002310,3310,BUY,6382000,2383
1678731002311,3311,SELL,6474000,3787
1678731002312,3312,SELL,6461000,564
1678731002313,3313,SELL,6498000,161
1678731002314,3314,BUY,6487000,1111
1678731002315,3315,SELL,6515000,800
1678731002316,3316,SELL,6406000,2519
1678731002317,3317,BUY,6505000,4199
1678731002318,3318,SELL,6452000,886
1678731002319,3319,BUY,6469000,2571
1678731002320,3320,BUY,6492000,1015
1678731002321,3321,BUY,6575000,57
1678731002322,3322,BUY,6522000,4105
1678731002323,3323,BUY,6491000,45
1678731002324,3324,SELL,6433000,271
1678731002325,3325,SELL,6496000,2257
1678731002326,3326,BUY,6451000,3183
1678731002327,3327,BUY,6549000,3832
1678731002328,3328,BUY,6495000,2078
1678731002329,3329,SELL,6444000,4680
1678731002330,3330,BUY,6492000,3962
1678731002331,3331,SELL,6546000,4934
1678731002332,3332,BUY,6544000,4546
1678731002333,3333,SELL,6487000,3928
1678731002334,3334,BUY,6533000,295
1678731002335,3335,SELL,6509000,4656
1678731002336,3336,SELL,6412000,4454
1678731002337,3337,SELL,6481000,1321
1678731002338,3338,BUY,6417000,4762
1678731002339,3339,BUY,6530000,4120
1678731002340,3340,BUY,6460000,2243
1678731002341,3341,BUY,6507000,3653
1678731002342,3342,BUY,6414000,381
1678731002343,3343,BUY,6503000,585
1678731002344,3344,BUY,6492000,1301
1678731002345,3345,SELL,6521000,1742
1678731002346,3346,SELL,6483000,129
1678731002347,3347,BUY,6501000,2675
1678731002348,3348,BUY,6554000,1073
1678731002349,3349,SELL,6545000,4338
1678731002350,3350,BUY,6599000,4415
1678731002351,3351,BUY,6614000,494
1678731002352,3352,BUY,6625000,304
1678731002353,3353,BUY,6497000,1365
1678731002354,3354,SELL,6507000,461
1678731002355,3355,SELL,6596000,3344
1678731002356,3356,SELL,6564000,4088
1678731002357,3357,BUY,6469000,78
1678731002358,3358,BUY,6457000,1206
1678731002359,3359,SELL,6404000,171
1678731002360,3360,BUY,6517000,3986
1678731002361,3361,BUY,6568000,1696
1678731002362,3362,SELL,6462000,3756
1678731002363,3363,SELL,6463000,1187
1678731002364,3364,BUY,6354000,4226
1678731002365,3365,SELL,6529000,407
1678731002366,3366,SELL,6552000,2256
1678731002367,3367,SELL,6509000,4630
1678731002368,3368,SELL,6462000,665
1678731002369,3369,BUY,6488000,1320
1678731002370,3370,BUY,6480000,630
1678731002371,3371,SELL,6527000,3002
1678731002372,3372,SELL,6462000,3454
1678731002373,3373,SELL,6437000,4189
1678731002374,3374,SELL,6405000,811
1678731002375,3375,SELL,6470000,873
1678731002376,3376,SELL,6546000,1159
1678731002377,3377,BUY,6454000,541
1678731002378,3378,BUY,6421000,3739
1678731002379,3379,BUY,6438000,249
1678731002380,3380,BUY,6449000,43
1678731002381,3381,BUY,6470000,3822
1678731002382,3382,SELL,6433000,2617
1678731002383,3383,SELL,6393000,3209
1678731002384,3384,SELL,6538000,23
1678731002385,3385,SELL,6444000,4252
1678731002386,3386,SELL,6513000,48
1678731002387,3387,BUY,6469000,2466
1678731002388,3388,SELL,6458000,1983
1678731002389,3389,SELL,6534000,3439
1678731002390,3390,BUY,6493000,1555
1678731002391,3391,BUY,6560000,4690
1678731002392,3392,BUY,6471000,1108
1678731002393,3393,SELL,6443000,1277
1678731002394,3394,SELL,6480000,3580
1678731002395,3395,BUY,6465000,1363
1678731002396,3396,BUY,6582000,46
1678731002397,3397,BUY,6464000,2551
1678731002398,3398,BUY,6514000,4360
1678731002399,3399,SELL,6496000,2097
1678731002400,3400,SELL,6443000,1346
1678731002401,3401,SELL,6455000,2167
1678731002402,3402,SELL,6505000,72
1678731002403,3403,BUY,6505000,3226
1678731002404,3404,SELL,6480000,3182
1678731002405,3405,SELL,6491000,4965
1678731002406,3406,BUY,6413000,888
1678731002407,3407,SELL,6454000,4333
1678731002408,3408,SELL,6546000,4313
1678731002409,3409,BUY,6470000,4083
1678731002410,3410,BUY,6546000,4261
1678731002411,3411,SELL,6554000,272
1678731002412,3412,BUY,6554000,2662
1678731002413,3413,SELL,6580000,2295
1678731002414,3414,BUY,6521000,2851
1678731002415,3415,BUY,6577000,20
1678731002416,3416,BUY,6543000,3614
1678731002417,3417,SELL,6409000,879
1678731002418,3418,SELL,6516000,2229
1678731002419,3419,BUY,6613000,145
1678731002420,3420,BUY,6401000,4649
1678731002421,3421,BUY,6495000,631
1678731002422,3422,SELL,6442000,2236
1678731002423,3423,BUY,6457000,2774
1678731002424,3424,BUY,6469000,3109
1678731002425,3425,SELL,6515000,1516
1678731002426,3426,SELL,6479000,2199
1678731002427,3427,SELL,6514000,203
1678731002428,3428,SELL,6592000,1335
1678731002429,3429,BUY,6549000,4036
1678731002430,3430,SELL,6504000,435
1678731002431,3431,BUY,6483000,4333
1678731002432,3432,BUY,6519000,1333
1678731002433,3433,BUY,6409000,2166
1678731002434,3434,SELL,6474000,525
1678731002435,3435,BUY,6521000,2929
1678731002436,3436,BUY,6503000,3338
1678731002437,3437,BUY,6552000,1343
1678731002438,3438,BUY,6544000,654
1678731002439,3439,SELL,6518000,3714
1678731002440,3440,SELL,6479000,676
1678731002441,3441,BUY,6469000,1940
1678731002442,3442,SELL,6556000,2275
1678731002443,3443,SELL,6518000,2540
1678731002444,3444,BUY,6454000,4293
1678731002445,3445,SELL,6547000,861
1678731002446,3446,BUY,6516000,3275
1678731002447,3447,BUY,6491000,4992
1678731002448,3448,SELL,6538000,2045
1678731002449,3449,SELL,6525000,1745
1678731002450,3450,SELL,6566000,2576
1678731002451,3451,BUY,6566000,2701
1678731002452,3452,SELL,6472000,1071
1678731002453,3453,BUY,6496000,494
1678731002454,3454,SELL,6481000,4127
1678731002455,3455,BUY,6592000,4293
1678731002456,3456,BUY,6538000,4735
1678731002457,3457,SELL,6497000,1383
1678731002458,3458,BUY,6462000,1698
1678731002459,3459,SELL,6502000,4571
1678731002460,3460,BUY,6390000,4087
1678731002461,3461,SELL,6483000,3750
1678731002462,3462,SELL,6450000,294
1678731002463,3463,BUY,6546000,1722
1678731002464,3464,BUY,6483000,69
1678731002465,3465,SELL,6505000,707
1678731002466,3466,SELL,6493000,4916
1678731002467,3467,BUY,6548000,2475
1678731002468,3468,BUY,6549000,2510
1678731002469,3469,BUY,6526000,2868
1678731002470,3470,BUY,6515000,3362
1678731002471,3471,BUY,6421000,1676
1678731002472,3472,BUY,6489000,3163
1678731002473,3473,BUY,6558000,2640
1678731002474,3474,SELL,6510000,3768
1678731002475,3475,SELL,6484000,3640
1678731002476,3476,BUY,6475000,2012
1678731002477,3477,BUY,6475000,4740
1678731002478,3478,SELL,6504000,1022
1678731002479,3479,SELL,6470000,4992
1678731002480,3480,BUY,6554000,4974
1678731002481,3481,BUY,6414000,4834
1678731002482,3482,BUY,6537000,4194
1678731002483,3483,SELL,6569000,3581
1678731002484,3484,SELL,6447000,3450
1678731002485,3485,BUY,6531000,1426
1678731002486,3486,BUY,6519000,3799
1678731002487,3487,SELL,6459000,3103
1678731002488,3488,SELL,6442000,1723
1678731002489,3489,BUY,6523000,1649
1678731002490,3490,SELL,6593000,3887
1678731002491,3491,SELL,6562000,363
1678731002492,3492,SELL,6531000,4752
1678731002493,3493,BUY,6522000,1506
1678731002494,3494,SELL,6509000,174
1678731002495,3495,BUY,6495000,4771
1678731002496,3496,SELL,6526000,3875
1678731002497,3497,BUY,6459000,1096
1678731002498,3498,BUY,6543000,2423
1678731002499,3499,BUY,6499000,83
1678731002500,3500,BUY,6500000,1119
1678731002501,3501,SELL,6581000,1048
1678731002502,3502,BUY,6438000,4477
1678731002503,3503,BUY,6533000,2874
1678731002504,3504,SELL,6573000,2472
1678731002505,3505,BUY,6526000,4559
1678731002506,3506,BUY,6511000,21
1678731002507,3507,BUY,6497000,4920
1678731002508,3508,BUY,6543000,4167
1678731002509,3509,BUY,6402000,2294
1678731002510,3510,SELL,6524000,991
1678731002511,3511,BUY,6485000,4737
1678731002512,3512,SELL,6497000,3423
1678731002513,3513,SELL,6524000,959
1678731002514,3514,SELL,6453000,364
1678731002515,3515,BUY,6470000,4094
1678731002516,3516,BUY,6567000,545
1678731002517,3517,BUY,6482000,2123
1678731002518,3518,BUY,6442000,4202
1678731002519,3519,BUY,6527000,2730
1678731002520,3520,BUY,6567000,1836
1678731002521,3521,SELL,6436000,1154
1678731002522,3522,SELL,6551000,98
1678731002523,3523,BUY,6573000,522
1678731002524,3524,BUY,6548000,2558
1678731002525,3525,SELL,6494000,711
1678731002526,3526,SELL,6554000,2340
1678731002527,3527,SELL,6559000,3432
1678731002528,3528,SELL,6445000,4437
1678731002529,3529,SELL,6539000,1382
1678731002530,3530,BUY,6506000,4088
1678731002531,3531,BUY,6504000,2247
1678731002532,3532,SELL,6413000,400
1678731002533,3533,BUY,6403000,2871
1678731002534,3534,SELL,6506000,1204
1678731002535,3535,SELL,6494000,3124
1678731002536,3536,BUY,6493000,1364
1678731002537,3537,SELL,6488000,28
1678731002538,3538,SELL,6452000,1585
1678731002539,3539,SELL,6543000,3959
1678731002540,3540,BUY,6572000,2294
1678731002541,3541,BUY,6428000,486
1678731002542,3542,SELL,6534000,4900
1678731002543,3543,BUY,6439000,4344
1678731002544,3544,SELL,6487000,895
1678731002545,3545,SELL,6521000,45
1678731002546,3546,SELL,6465000,2074
1678731002547,3547,SELL,6457000,3398
1678731002548,3548,SELL,6500000,3853
1678731002549,3549,SELL,6542000,3155
1678731002550,3550,BUY,6474000,2613
1678731002551,3551,BUY,6457000,1074
1678731002552,3552,BUY,6477000,1310
1678731002553,3553,BUY,6558000,471
1678731002554,3554,BUY,6501000,2578
1678731002555,3555,BUY,6505000,3548
1678731002556,3556,BUY,6483000,726
1678731002557,3557,BUY,6491000,3293
1678731002558,3558,BUY,6536000,1226
1678731002559,3559,BUY,6506000,1536
1678731002560,3560,SELL,6588000,3060
1678731002561,3561,SELL,6476000,4919
1678731002562,3562,BUY,6568000,2505
1678731002563,3563,BUY,6431000,647
1678731002564,3564,BUY,6507000,181
1678731002565,3565,BUY,6500000,3178
1678731002566,3566,SELL,6568000,1957
1678731002567,3567,SELL,6484000,4457
1678731002568,3568,SELL,6586000,1251
1678731002569,3569,SELL,6426000,4552
1678731002570,3570,BUY,6463000,1733
1678731002571,3571,SELL,6466000,872
1678731002572,3572,BUY,6437000,4796
1678731002573,3573,SELL,6501000,970
1678731002574,3574,SELL,6486000,1723
1678731002575,3575,SELL,6551000,105
1678731002576,3576,BUY,6441000,2631
1678731002577,3577,SELL,6613000,1006
1678731002578,3578,BUY,6582000,736
1678731002579,3579,BUY,6470000,4391
1678731002580,3580,SELL,6533000,1921
1678731002581,3581,SELL,6471000,897
1678731002582,3582,BUY,6531000,355
1678731002583,3583,SELL,6434000,2895
1678731002584,3584,BUY,6530000,155
1678731002585,3585,SELL,6480000,2711
1678731002586,3586,BUY,6427000,288
1678731002587,3587,SELL,6497000,4560
1678731002588,3588,BUY,6499000,2213
1678731002589,3589,BUY,6508000,662
1678731002590,3590,SELL,6587000,2975
1678731002591,3591,SELL,6480000,3600
1678731002592,3592,BUY,6491000,1096
1678731002593,3593,BUY,6431000,1259
1678731002594,3594,SELL,6518000,2439
1678731002595,3595,SELL,6493000,4676
1678731002596,3596,SELL,6446000,2288
1678731002597,3597,BUY,6506000,755
1678731002598,3598,BUY,6454000,916
1678731002599,3599,SELL,6605000,1519
1678731002600,3600,BUY,6483000,4267
1678731002601,3601,SELL,6442000,4669
1678731002602,3602,SELL,6527000,1916
1678731002603,3603,BUY,6368000,150
1678731002604,3604,SELL,6438000,3159
1678731002605,3605,SELL,6547000,3578
1678731002606,3606,BUY,6437000,1454
1678731002607,3607,SELL,6536000,2403
1678731002608,3608,SELL,6551000,2069
1678731002609,3609,SELL,6578000,511
1678731002610,3610,BUY,6441000,2040
1678731002611,3611,SELL,6460000,1111
1678731002612,3612,BUY,6544000,4005
1678731002613,3613,BUY,6556000,4230
1678731002614,3614,BUY,6467000,1042
1678731002615,3615,BUY,6419000,4626
1678731002616,3616,BUY,6436000,1351
1678731002617,3617,BUY,6437000,4990
1678731002618,3618,SELL,6485000,4902
1678731002619,3619,BUY,6513000,3254
1678731002620,3620,SELL,6475000,616
1678731002621,3621,SELL,6506000,3169
1678731002622,3622,BUY,6564000,678
1678731002623,3623,SELL,6468000,587
1678731002624,3624,BUY,6493000,2606
1678731002625,3625,SELL,6529000,195
1678731002626,3626,BUY,6524000,1093
1678731002627,3627,BUY,6527000,2715
1678731002628,3628,SELL,6476000,4705
1678731002629,3629,SELL,6538000,922
1678731002630,3630,BUY,6506000,4825
1678731002631,3631,SELL,6441000,1375
1678731002632,3632,SELL,6501000,81
1678731002633,3633,SELL,6486000,257
1678731002634,3634,SELL,6398000,3572
1678731002635,3635,BUY,6605000,4093
1678731002636,3636,BUY,6501000,3830
1678731002637,3637,SELL,6599000,1059
1678731002638,3638,BUY,6520000,2687
1678731002639,3639,BUY,6451000,4301
1678731002640,3640,SELL,6445000,428
1678731002641,3641,SELL,6517000,3219
1678731002642,3642,SELL,6509000,1338
1678731002643,3643,BUY,6467000,166
1678731002644,3644,SELL,6345000,3678
1678731002645,3645,SELL,6506000,4334
1678731002646,3646,BUY,6599000,4077
1678731002647,3647,BUY,6601000,1311
1678731002648,3648,BUY,6529000,2243
1678731002649,3649,BUY,6481000,518
1678731002650,3650,SELL,6512000,4805
1678731002651,3651,BUY,6459000,4516
1678731002652,3652,SELL,6533000,1378
1678731002653,3653,BUY,6436000,1607
1678731002654,3654,SELL,6513000,232
1678731002655,3655,BUY,6551000,1453
1678731002656,3656,BUY,6524000,2272
1678731002657,3657,SELL,6457000,4268
1678731002658,3658,BUY,6568000,966
1678731002659,3659,SELL,6501000,2378
1678731002660,3660,SELL,6502000,2651
1678731002661,3661,BUY,6531000,2926
1678731002662,3662,SELL,6336000,4030
1678731002663,3663,BUY,6459000,1700
1678731002664,3664,SELL,6483000,2944
1678731002665,3665,BUY,6558000,4674
1678731002666,3666,BUY,6424000,4543
1678731002667,3667,SELL,6520000,3027
1678731002668,3668,BUY,6463000,4892
1678731002669,3669,BUY,6484000,3868
1678731002670,3670,SELL,6455000,861
1678731002671,3671,BUY,6473000,2242
1678731002672,3672,BUY,6497000,4388
1678731002673,3673,SELL,6493000,1459
1678731002674,3674,SELL,6462000,3365
1678731002675,3675,SELL,6397000,1650
1678731002676,3676,BUY,6456000,2493
1678731002677,3677,BUY,6459000,1387
1678731002678,3678,SELL,6533000,3324
1678731002679,3679,BUY,6453000,1195
1678731002680,3680,BUY,6466000,3617
1678731002681,3681,SELL,6557000,4728
1678731002682,3682,BUY,6482000,3420
1678731002683,3683,SELL,6520000,926
1678731002684,3684,BUY,6453000,953
1678731002685,3685,SELL,6557000,1416
1678731002686,3686,BUY,6498000,1179
1678731002687,3687,BUY,6433000,626
1678731002688,3688,BUY,6534000,182
1678731002689,3689,SELL,6490000,644
1678731002690,3690,BUY,6550000,2273
1678731002691,3691,SELL,6564000,199
1678731002692,3692,BUY,6481000,1018
1678731002693,3693,BUY,6507000,559
1678731002694,3694,BUY,6502000,3641
1678731002695,3695,BUY,6574000,584
1678731002696,3696,BUY,6458000,1011
1678731002697,3697,SELL,6427000,4402
1678731002698,3698,SELL,6490000,3500
1678731002699,3699,SELL,6455000,569
1678731002700,3700,SELL,6492000,2362
1678731002701,3701,BUY,6570000,4906
1678731002702,3702,BUY,6514000,3785
1678731002703,3703,BUY,6519000,485
1678731002704,3704,SELL,6616000,4968
1678731002705,3705,SELL,6488000,882
1678731002706,3706,SELL,6468000,3627
1678731002707,3707,BUY,6502000,2532
1678731002708,3708,BUY,6466000,3332
1678731002709,3709,SELL,6520000,2472
1678731002710,3710,BUY,6447000,3653
1678731002711,3711,BUY,6458000,4445
1678731002712,3712,BUY,6371000,1031
1678731002713,3713,SELL,6484000,2837
1678731002714,3714,BUY,6473000,1853
1678731002715,3715,SELL,6507000,806
1678731002716,3716,SELL,6629000,4414
1678731002717,3717,BUY,6556000,2863
1678731002718,3718,BUY,6543000,2544
1678731002719,3719,BUY,6415000,2501
1678731002720,3720,BUY,6529000,1807
1678731002721,3721,BUY,6530000,458
1678731002722,3722,BUY,6522000,513
1678731002723,3723,SELL,6460000,1003
1678731002724,3724,SELL,6508000,3197
1678731002725,3725,BUY,6519000,714
1678731002726,3726,BUY,6478000,4776
1678731002727,3727,BUY,6524000,3059
1678731002728,3728,SELL,6537000,2613
1678731002729,3729,SELL,6491000,1320
1678731002730,3730,BUY,6449000,3947
1678731002731,3731,BUY,6415000,3412
1678731002732,3732,BUY,6487000,1225
1678731002733,3733,BUY,6451000,4659
1678731002734,3734,SELL,6478000,2606
1678731002735,3735,BUY,6518000,2833
1678731002736,3736,BUY,6519000,1814
1678731002737,3737,SELL,6477000,2038
1678731002738,3738,BUY,6459000,245
1678731002739,3739,SELL,6486000,890
1678731002740,3740,BUY,6566000,2471
1678731002741,3741,SELL,6406000,29
1678731002742,3742,SELL,6478000,4861
1678731002743,3743,SELL,6443000,804
1678731002744,3744,SELL,6544000,1959
1678731002745,3745,SELL,6518000,3333
1678731002746,3746,SELL,6504000,3649
1678731002747,3747,SELL,6455000,2506
1678731002748,3748,SELL,6443000,945
1678731002749,3749,SELL,6518000,62
1678731002750,3750,SELL,6496000,4461
1678731002751,3751,BUY,6457000,1443
1678731002752,3752,BUY,6497000,1949
1678731002753,3753,SELL,6487000,195
1678731002754,3754,SELL,6548000,4954
1678731002755,3755,BUY,6523000,4416
1678731002756,3756,BUY,6490000,961
